Tran Date,Particulars,Chq/Ref Number,Value Date,Withdrawal,Deposit,Closing Balance
01-11-2025,NEFT INWARD-ABC COMPANY-SALARY NOV25-N000001,400000001,01-11-2025,,85000.00,143000.00
01-11-2025,UPI-PHONEPE-MERCHANT 000002,400000002,01-11-2025,1299.00,,141701.00
01-11-2025,ECOM AMAZON.IN CARD XXXX1234 TXN150108,400000003,01-11-2025,349.00,,141352.00
01-11-2025,UPI-PHONEPE-MERCHANT 000004,400000004,01-11-2025,199.00,,141153.00
01-11-2025,UPI-PHONEPE-MERCHANT 000005,400000005,01-11-2025,1899.00,,139254.00
02-11-2025,UPI-PHONEPE-MERCHANT 000006,400000006,02-11-2025,499.00,,138755.00
02-11-2025,UPI-PHONEPE-MERCHANT 000007,400000007,02-11-2025,249.00,,138506.00
02-11-2025,UPI-PHONEPE-MERCHANT 000008,400000008,02-11-2025,799.00,,137707.00
02-11-2025,UPI-PHONEPE-MERCHANT 000009,400000009,02-11-2025,349.00,,137358.00
03-11-2025,UPI-PHONEPE-MERCHANT 000010,400000010,03-11-2025,99.00,,137259.00
03-11-2025,UPI-PHONEPE-MERCHANT 000011,400000011,03-11-2025,1299.00,,135960.00
03-11-2025,UPI-PHONEPE-MERCHANT 000012,400000012,03-11-2025,149.00,,135811.00
03-11-2025,UPI-PHONEPE-MERCHANT 000013,400000013,03-11-2025,1299.00,,134512.00
04-11-2025,ECOM AMAZON.IN CARD XXXX1234 TXN918522,400000014,04-11-2025,799.00,,133713.00
04-11-2025,UPI-PHONEPE-MERCHANT 000015,400000015,04-11-2025,99.00,,133614.00
04-11-2025,UPI-PHONEPE-MERCHANT 000016,400000016,04-11-2025,299.00,,133315.00
04-11-2025,UPI-PHONEPE-MERCHANT 000017,400000017,04-11-2025,299.00,,133016.00
05-11-2025,UPI-PHONEPE-MERCHANT 000018,400000018,05-11-2025,799.00,,132217.00
05-11-2025,UPI-PHONEPE-MERCHANT 000019,400000019,05-11-2025,2499.00,,129718.00
05-11-2025,NEFT OUTWARD-LANDLORD-RENT-N000020,400000020,05-11-2025,18000.00,,111718.00
05-11-2025,UPI-PHONEPE-MERCHANT 000021,400000021,05-11-2025,1899.00,,109819.00
05-11-2025,UPI-PHONEPE-MERCHANT 000022,400000022,05-11-2025,149.00,,109670.00
05-11-2025,UPI-PHONEPE-MERCHANT 000023,400000023,05-11-2025,199.00,,109471.00
06-11-2025,UPI-PHONEPE-MERCHANT 000024,400000024,06-11-2025,49.00,,109422.00
06-11-2025,UPI-PHONEPE-MERCHANT 000025,400000025,06-11-2025,499.00,,108923.00
06-11-2025,UPI-PHONEPE-MERCHANT 000026,400000026,06-11-2025,199.00,,108724.00
06-11-2025,UPI-PHONEPE-MERCHANT 000027,400000027,06-11-2025,49.00,,108675.00
07-11-2025,UPI-PHONEPE-MERCHANT 000028,400000028,07-11-2025,99.00,,108576.00
07-11-2025,UPI-PHONEPE-MERCHANT 000029,400000029,07-11-2025,49.00,,108527.00
07-11-2025,UPI-PHONEPE-MERCHANT 000030,400000030,07-11-2025,149.00,,108378.00
07-11-2025,UPI-PHONEPE-MERCHANT 000031,400000031,07-11-2025,2499.00,,105879.00
08-11-2025,BBPS-ACT FIBERNET-INTERNET-REF000032,400000032,08-11-2025,999.00,,104880.00
08-11-2025,UPI-PHONEPE-MERCHANT 000033,400000033,08-11-2025,99.00,,104781.00
08-11-2025,UPI-PHONEPE-MERCHANT 000034,400000034,08-11-2025,499.00,,104282.00
08-11-2025,UPI-PHONEPE-MERCHANT 000035,400000035,08-11-2025,1899.00,,102383.00
08-11-2025,UPI-PHONEPE-MERCHANT 000036,400000036,08-11-2025,799.00,,101584.00
09-11-2025,UPI-PHONEPE-MERCHANT 000037,400000037,09-11-2025,2499.00,,99085.00
09-11-2025,UPI-PHONEPE-MERCHANT 000038,400000038,09-11-2025,249.00,,98836.00
09-11-2025,UPI-ZOMATO-UPI/400000039/Food Order,400000039,09-11-2025,2499.00,,96337.00
09-11-2025,UPI-ZOMATO-UPI/400000040/Food Order,400000040,09-11-2025,2499.00,,93838.00
10-11-2025,BBPS-TATA POWER-BILL PAYMENT-REF000041,400000041,10-11-2025,2240.00,,91598.00
10-11-2025,UPI-ZOMATO-UPI/400000042/Food Order,400000042,10-11-2025,1299.00,,90299.00
10-11-2025,UPI-ZOMATO-UPI/400000043/Food Order,400000043,10-11-2025,249.00,,90050.00
10-11-2025,UPI-ZOMATO-UPI/400000044/Food Order,400000044,10-11-2025,199.00,,89851.00
10-11-2025,UPI-PHONEPE-MERCHANT 000045,400000045,10-11-2025,799.00,,89052.00
11-11-2025,UPI-PHONEPE-MERCHANT 000046,400000046,11-11-2025,1299.00,,87753.00
11-11-2025,UPI-PHONEPE-MERCHANT 000047,400000047,11-11-2025,99.00,,87654.00
11-11-2025,UPI-PHONEPE-MERCHANT 000048,400000048,11-11-2025,1299.00,,86355.00
11-11-2025,UPI-PHONEPE-MERCHANT 000049,400000049,11-11-2025,499.00,,85856.00
12-11-2025,UPI-NETFLIX-UPI/998877665544/NETFLIX/Payment,400000050,12-11-2025,499.00,,85357.00
12-11-2025,UPI-PHONEPE-MERCHANT 000051,400000051,12-11-2025,1899.00,,83458.00
12-11-2025,UPI-PHONEPE-MERCHANT 000052,400000052,12-11-2025,99.00,,83359.00
12-11-2025,UPI-PHONEPE-MERCHANT 000053,400000053,12-11-2025,1299.00,,82060.00
12-11-2025,UPI-PHONEPE-MERCHANT 000054,400000054,12-11-2025,1899.00,,80161.00
13-11-2025,UPI-PHONEPE-MERCHANT 000055,400000055,13-11-2025,149.00,,80012.00
13-11-2025,UPI-PHONEPE-MERCHANT 000056,400000056,13-11-2025,199.00,,79813.00
13-11-2025,UPI-SWIGGY-UPI/400000057/SWIGGY/Payment,400000057,13-11-2025,349.00,,79464.00
13-11-2025,UPI-PHONEPE-MERCHANT 000058,400000058,13-11-2025,299.00,,79165.00
14-11-2025,UPI-PHONEPE-MERCHANT 000059,400000059,14-11-2025,199.00,,78966.00
14-11-2025,UPI-PHONEPE-MERCHANT 000060,400000060,14-11-2025,1299.00,,77667.00
14-11-2025,UPI-PHONEPE-MERCHANT 000061,400000061,14-11-2025,149.00,,77518.00
14-11-2025,UPI-PHONEPE-MERCHANT 000062,400000062,14-11-2025,2499.00,,75019.00
15-11-2025,UPI-PHONEPE-MERCHANT 000063,400000063,15-11-2025,2499.00,,72520.00
15-11-2025,UPI-PHONEPE-MERCHANT 000064,400000064,15-11-2025,1899.00,,70621.00
15-11-2025,UPI-PHONEPE-MERCHANT 000065,400000065,15-11-2025,349.00,,70272.00
15-11-2025,UPI-SPOTIFY-UPI/887766554433/Music/Payment,400000066,15-11-2025,119.00,,70153.00
15-11-2025,UPI-PHONEPE-MERCHANT 000067,400000067,15-11-2025,799.00,,69354.00
16-11-2025,UPI-PHONEPE-MERCHANT 000068,400000068,16-11-2025,499.00,,68855.00
16-11-2025,UPI-PHONEPE-MERCHANT 000069,400000069,16-11-2025,2499.00,,66356.00
16-11-2025,UPI-PHONEPE-MERCHANT 000070,400000070,16-11-2025,249.00,,66107.00
16-11-2025,UPI-PHONEPE-MERCHANT 000071,400000071,16-11-2025,49.00,,66058.00
17-11-2025,UPI-PHONEPE-MERCHANT 000072,400000072,17-11-2025,49.00,,66009.00
17-11-2025,UPI-PHONEPE-MERCHANT 000073,400000073,17-11-2025,349.00,,65660.00
17-11-2025,UPI-PHONEPE-MERCHANT 000074,400000074,17-11-2025,799.00,,64861.00
17-11-2025,UPI-PHONEPE-MERCHANT 000075,400000075,17-11-2025,49.00,,64812.00
18-11-2025,UPI-CRYPTOX-UPI/112233445566/Payment,400000076,18-11-2025,52000.00,,12812.00
18-11-2025,UPI-PHONEPE-MERCHANT 000077,400000077,18-11-2025,199.00,,12613.00
18-11-2025,UPI-PHONEPE-MERCHANT 000078,400000078,18-11-2025,249.00,,12364.00
18-11-2025,UPI-PHONEPE-MERCHANT 000079,400000079,18-11-2025,799.00,,11565.00
18-11-2025,UPI-PHONEPE-AMAZON PRIME 299,400000080,18-11-2025,299.00,,11266.00
18-11-2025,UPI-PHONEPE-MERCHANT 000081,400000081,18-11-2025,1299.00,,9967.00
19-11-2025,UPI-SWIGGY-UPI/400000082/SWIGGY/Payment,400000082,19-11-2025,149.00,,9818.00
19-11-2025,UPI-PHONEPE-JIO RECHARGE 399,400000083,19-11-2025,49.00,,9769.00
19-11-2025,UPI-PHONEPE-MERCHANT 000084,400000084,19-11-2025,499.00,,9270.00
19-11-2025,UPI-PHONEPE-MERCHANT 000085,400000085,19-11-2025,799.00,,8471.00
20-11-2025,UPI-PAYTM-HOTSTAR 299,400000086,20-11-2025,299.00,,8172.00
20-11-2025,UPI-PHONEPE-MERCHANT 000087,400000087,20-11-2025,49.00,,8123.00
20-11-2025,UPI-PHONEPE-MERCHANT 000088,400000088,20-11-2025,149.00,,7974.00
20-11-2025,UPI-PHONEPE-MERCHANT 000089,400000089,20-11-2025,349.00,,7625.00
20-11-2025,UPI-ZOMATO-UPI/400000090/Food Order,400000090,20-11-2025,249.00,,7376.00
20-11-2025,UPI-PHONEPE-JIO RECHARGE 399,400000091,20-11-2025,799.00,,6577.00
21-11-2025,UPI-PHONEPE-MERCHANT 000092,400000092,21-11-2025,249.00,,6328.00
21-11-2025,UPI-PHONEPE-MERCHANT 000093,400000093,21-11-2025,1899.00,,4429.00
21-11-2025,UPI-PHONEPE-MERCHANT 000094,400000094,21-11-2025,49.00,,4380.00
21-11-2025,UPI-PHONEPE-MERCHANT 000095,400000095,21-11-2025,499.00,,3881.00
22-11-2025,UPI-PHONEPE-MERCHANT 000096,400000096,22-11-2025,99.00,,3782.00
22-11-2025,UPI-PHONEPE-MERCHANT 000097,400000097,22-11-2025,799.00,,2983.00
22-11-2025,UPI-PHONEPE-MERCHANT 000098,400000098,22-11-2025,499.00,,2484.00
22-11-2025,UPI-PHONEPE-MERCHANT 000099,400000099,22-11-2025,99.00,,2385.00
23-11-2025,UPI-PHONEPE-MERCHANT 000100,400000100,23-11-2025,499.00,,1886.00
23-11-2025,UPI-PHONEPE-MERCHANT 000101,400000101,23-11-2025,299.00,,1587.00
23-11-2025,UPI-PHONEPE-MERCHANT 000102,400000102,23-11-2025,249.00,,1338.00
23-11-2025,UPI-PAYTM-AIRTEL RECHARGE 799,400000103,23-11-2025,199.00,,1139.00
24-11-2025,UPI-PHONEPE-MERCHANT 000104,400000104,24-11-2025,1299.00,,-160.00
24-11-2025,UPI-PHONEPE-MERCHANT 000105,400000105,24-11-2025,1899.00,,-2059.00
24-11-2025,UPI-PHONEPE-MERCHANT 000106,400000106,24-11-2025,349.00,,-2408.00
24-11-2025,UPI-PHONEPE-MERCHANT 000107,400000107,24-11-2025,149.00,,-2557.00
25-11-2025,UPI-PHONEPE-MERCHANT 000108,400000108,25-11-2025,149.00,,-2706.00
25-11-2025,UPI-PHONEPE-MERCHANT 000109,400000109,25-11-2025,1299.00,,-4005.00
25-11-2025,UPI-PHONEPE-MERCHANT 000110,400000110,25-11-2025,249.00,,-4254.00
25-11-2025,UPI-PAYTM-AIRTEL RECHARGE 799,400000111,25-11-2025,149.00,,-4403.00
26-11-2025,UPI-PHONEPE-MERCHANT 000112,400000112,26-11-2025,99.00,,-4502.00
26-11-2025,UPI-PAYTM-AIRTEL RECHARGE 799,400000113,26-11-2025,1299.00,,-5801.00
26-11-2025,UPI-PHONEPE-MERCHANT 000114,400000114,26-11-2025,199.00,,-6000.00
26-11-2025,UPI-PHONEPE-MERCHANT 000115,400000115,26-11-2025,149.00,,-6149.00
27-11-2025,NEFT OUTWARD-OFFSHORE TEST-N665544,400000116,27-11-2025,89000.00,,-95149.00
27-11-2025,UPI-PHONEPE-MERCHANT 000117,400000117,27-11-2025,149.00,,-95298.00
27-11-2025,UPI-PHONEPE-MERCHANT 000118,400000118,27-11-2025,299.00,,-95597.00
27-11-2025,UPI-PHONEPE-MERCHANT 000119,400000119,27-11-2025,2499.00,,-98096.00
27-11-2025,UPI-SWIGGY-UPI/400000120/SWIGGY/Payment,400000120,27-11-2025,249.00,,-98345.00
27-11-2025,UPI-PHONEPE-MERCHANT 000121,400000121,27-11-2025,199.00,,-98544.00
28-11-2025,UPI-PHONEPE-MERCHANT 000122,400000122,28-11-2025,99.00,,-98643.00
28-11-2025,POS DMART POWAI MUMBAI CARD XX3455,400000123,28-11-2025,149.00,,-98792.00
28-11-2025,POS DMART POWAI MUMBAI CARD XX8293,400000124,28-11-2025,799.00,,-99591.00
28-11-2025,UPI-SWIGGY-UPI/400000125/SWIGGY/Payment,400000125,28-11-2025,2499.00,,-102090.00
29-11-2025,UPI-PHONEPE-MERCHANT 000126,400000126,29-11-2025,149.00,,-102239.00
29-11-2025,UPI-PHONEPE-MERCHANT 000127,400000127,29-11-2025,99.00,,-102338.00
29-11-2025,UPI-PHONEPE-MERCHANT 000128,400000128,29-11-2025,99.00,,-102437.00
29-11-2025,UPI-PHONEPE-MERCHANT 000129,400000129,29-11-2025,299.00,,-102736.00
30-11-2025,UPI-PHONEPE-MERCHANT 000130,400000130,30-11-2025,499.00,,-103235.00
30-11-2025,UPI-PHONEPE-MERCHANT 000131,400000131,30-11-2025,1899.00,,-105134.00
30-11-2025,UPI-PHONEPE-MERCHANT 000132,400000132,30-11-2025,99.00,,-105233.00
30-11-2025,UPI-PHONEPE-MERCHANT 000133,400000133,30-11-2025,799.00,,-106032.00
01-12-2025,NEFT INWARD-ABC COMPANY-SALARY DEC25-N000134,400000134,01-12-2025,,85000.00,-21032.00
01-12-2025,UPI-PHONEPE-MERCHANT 000135,400000135,01-12-2025,499.00,,-21531.00
01-12-2025,ECOM AMAZON.IN CARD XXXX1234 TXN665836,400000136,01-12-2025,349.00,,-21880.00
01-12-2025,UPI-PHONEPE-MERCHANT 000137,400000137,01-12-2025,249.00,,-22129.00
01-12-2025,UPI-PHONEPE-MERCHANT 000138,400000138,01-12-2025,1899.00,,-24028.00
01-12-2025,UPI-PHONEPE-MERCHANT 000139,400000139,01-12-2025,349.00,,-24377.00
02-12-2025,UPI-PHONEPE-MERCHANT 000140,400000140,02-12-2025,1899.00,,-26276.00
02-12-2025,UPI-PHONEPE-MERCHANT 000141,400000141,02-12-2025,299.00,,-26575.00
02-12-2025,UPI-PHONEPE-MERCHANT 000142,400000142,02-12-2025,1899.00,,-28474.00
02-12-2025,UPI-PHONEPE-MERCHANT 000143,400000143,02-12-2025,349.00,,-28823.00
03-12-2025,UPI-BINANCE-UPI/223344556677/Payment,400000144,03-12-2025,48000.00,,-76823.00
03-12-2025,ECOM AMAZON.IN CARD XXXX1234 TXN773068,400000145,03-12-2025,1899.00,,-78722.00
03-12-2025,UPI-PHONEPE-MERCHANT 000146,400000146,03-12-2025,249.00,,-78971.00
03-12-2025,UPI-PHONEPE-MERCHANT 000147,400000147,03-12-2025,799.00,,-79770.00
03-12-2025,UPI-SWIGGY-UPI/400000148/SWIGGY/Payment,400000148,03-12-2025,499.00,,-80269.00
03-12-2025,UPI-PHONEPE-MERCHANT 000149,400000149,03-12-2025,1299.00,,-81568.00
04-12-2025,UPI-PHONEPE-MERCHANT 000150,400000150,04-12-2025,199.00,,-81767.00
04-12-2025,UPI-PHONEPE-MERCHANT 000151,400000151,04-12-2025,49.00,,-81816.00
04-12-2025,UPI-PHONEPE-MERCHANT 000152,400000152,04-12-2025,1299.00,,-83115.00
04-12-2025,UPI-PHONEPE-MERCHANT 000153,400000153,04-12-2025,99.00,,-83214.00
05-12-2025,UPI-PHONEPE-MERCHANT 000154,400000154,05-12-2025,299.00,,-83513.00
05-12-2025,NEFT OUTWARD-LANDLORD-RENT-N000155,400000155,05-12-2025,18000.00,,-101513.00
05-12-2025,UPI-PHONEPE-MERCHANT 000156,400000156,05-12-2025,1299.00,,-102812.00
05-12-2025,UPI-PHONEPE-MERCHANT 000157,400000157,05-12-2025,199.00,,-103011.00
05-12-2025,UPI-PHONEPE-MERCHANT 000158,400000158,05-12-2025,99.00,,-103110.00
06-12-2025,UPI-PHONEPE-MERCHANT 000159,400000159,06-12-2025,299.00,,-103409.00
06-12-2025,UPI-PHONEPE-MERCHANT 000160,400000160,06-12-2025,249.00,,-103658.00
06-12-2025,UPI-ZOMATO-UPI/400000161/Food Order,400000161,06-12-2025,299.00,,-103957.00
06-12-2025,UPI-PHONEPE-JIO RECHARGE 399,400000162,06-12-2025,99.00,,-104056.00
07-12-2025,UPI-PHONEPE-MERCHANT 000163,400000163,07-12-2025,799.00,,-104855.00
07-12-2025,UPI-PHONEPE-MERCHANT 000164,400000164,07-12-2025,499.00,,-105354.00
07-12-2025,UPI-PHONEPE-MERCHANT 000165,400000165,07-12-2025,99.00,,-105453.00
07-12-2025,UPI-SWIGGY-UPI/400000166/SWIGGY/Payment,400000166,07-12-2025,99.00,,-105552.00
08-12-2025,BBPS-ACT FIBERNET-INTERNET-REF000167,400000167,08-12-2025,999.00,,-106551.00
08-12-2025,POS DMART POWAI MUMBAI CARD XX5076,400000168,08-12-2025,149.00,,-106700.00
08-12-2025,UPI-PHONEPE-MERCHANT 000169,400000169,08-12-2025,99.00,,-106799.00
08-12-2025,UPI-PHONEPE-MERCHANT 000170,400000170,08-12-2025,299.00,,-107098.00
08-12-2025,UPI-PHONEPE-MERCHANT 000171,400000171,08-12-2025,199.00,,-107297.00
08-12-2025,UPI-PHONEPE-MERCHANT 000172,400000172,08-12-2025,199.00,,-107496.00
09-12-2025,UPI-PHONEPE-MERCHANT 000173,400000173,09-12-2025,1299.00,,-108795.00
09-12-2025,UPI-PHONEPE-MERCHANT 000174,400000174,09-12-2025,149.00,,-108944.00
09-12-2025,UPI-PHONEPE-MERCHANT 000175,400000175,09-12-2025,1299.00,,-110243.00
09-12-2025,UPI-ZOMATO-UPI/400000176/Food Order,400000176,09-12-2025,199.00,,-110442.00
10-12-2025,UPI-PHONEPE-MERCHANT 000177,400000177,10-12-2025,2499.00,,-112941.00
10-12-2025,BBPS-TATA POWER-BILL PAYMENT-REF000178,400000178,10-12-2025,2605.00,,-115546.00
10-12-2025,UPI-PHONEPE-MERCHANT 000179,400000179,10-12-2025,99.00,,-115645.00
10-12-2025,UPI-PHONEPE-MERCHANT 000180,400000180,10-12-2025,299.00,,-115944.00
10-12-2025,UPI-PHONEPE-MERCHANT 000181,400000181,10-12-2025,1299.00,,-117243.00
11-12-2025,UPI-PHONEPE-MERCHANT 000182,400000182,11-12-2025,199.00,,-117442.00
11-12-2025,UPI-PHONEPE-MERCHANT 000183,400000183,11-12-2025,1299.00,,-118741.00
11-12-2025,UPI-PHONEPE-MERCHANT 000184,400000184,11-12-2025,499.00,,-119240.00
11-12-2025,UPI-PHONEPE-MERCHANT 000185,400000185,11-12-2025,99.00,,-119339.00
12-12-2025,ECOM AMAZON.IN CARD XXXX1234 TXN930520,400000186,12-12-2025,799.00,,-120138.00
12-12-2025,UPI-NETFLIX-UPI/998877665544/NETFLIX/Payment,400000187,12-12-2025,499.00,,-120637.00
12-12-2025,UPI-PHONEPE-MERCHANT 000188,400000188,12-12-2025,1299.00,,-121936.00
12-12-2025,UPI-PHONEPE-MERCHANT 000189,400000189,12-12-2025,499.00,,-122435.00
12-12-2025,UPI-PHONEPE-MERCHANT 000190,400000190,12-12-2025,2499.00,,-124934.00
13-12-2025,UPI-PHONEPE-MERCHANT 000191,400000191,13-12-2025,199.00,,-125133.00
13-12-2025,POS DMART POWAI MUMBAI CARD XX9260,400000192,13-12-2025,299.00,,-125432.00
13-12-2025,UPI-PHONEPE-MERCHANT 000193,400000193,13-12-2025,149.00,,-125581.00
13-12-2025,UPI-PHONEPE-MERCHANT 000194,400000194,13-12-2025,149.00,,-125730.00
13-12-2025,UPI-SWIGGY-UPI/400000195/SWIGGY/Payment,400000195,13-12-2025,199.00,,-125929.00
14-12-2025,UPI-PHONEPE-MERCHANT 000196,400000196,14-12-2025,349.00,,-126278.00
14-12-2025,UPI-PHONEPE-MERCHANT 000197,400000197,14-12-2025,1299.00,,-127577.00
14-12-2025,UPI-PHONEPE-MERCHANT 000198,400000198,14-12-2025,2499.00,,-130076.00
14-12-2025,UPI-PHONEPE-MERCHANT 000199,400000199,14-12-2025,1299.00,,-131375.00
15-12-2025,UPI-PHONEPE-MERCHANT 000200,400000200,15-12-2025,1299.00,,-132674.00
15-12-2025,UPI-PHONEPE-MERCHANT 000201,400000201,15-12-2025,99.00,,-132773.00
15-12-2025,UPI-SPOTIFY-UPI/887766554433/Music/Payment,400000202,15-12-2025,119.00,,-132892.00
15-12-2025,UPI-PHONEPE-MERCHANT 000203,400000203,15-12-2025,2499.00,,-135391.00
15-12-2025,UPI-PHONEPE-MERCHANT 000204,400000204,15-12-2025,99.00,,-135490.00
16-12-2025,UPI-PHONEPE-MERCHANT 000205,400000205,16-12-2025,199.00,,-135689.00
16-12-2025,UPI-PHONEPE-MERCHANT 000206,400000206,16-12-2025,249.00,,-135938.00
16-12-2025,UPI-PHONEPE-MERCHANT 000207,400000207,16-12-2025,99.00,,-136037.00
16-12-2025,UPI-PHONEPE-MERCHANT 000208,400000208,16-12-2025,499.00,,-136536.00
17-12-2025,UPI-PHONEPE-MERCHANT 000209,400000209,17-12-2025,249.00,,-136785.00
17-12-2025,UPI-ZOMATO-UPI/400000210/Food Order,400000210,17-12-2025,799.00,,-137584.00
17-12-2025,UPI-PHONEPE-JIO RECHARGE 399,400000211,17-12-2025,99.00,,-137683.00
17-12-2025,UPI-PHONEPE-MERCHANT 000212,400000212,17-12-2025,249.00,,-137932.00
18-12-2025,UPI-PHONEPE-MERCHANT 000213,400000213,18-12-2025,299.00,,-138231.00
18-12-2025,UPI-PHONEPE-MERCHANT 000214,400000214,18-12-2025,49.00,,-138280.00
18-12-2025,UPI-PHONEPE-MERCHANT 000215,400000215,18-12-2025,149.00,,-138429.00
18-12-2025,UPI-PHONEPE-MERCHANT 000216,400000216,18-12-2025,349.00,,-138778.00
18-12-2025,UPI-PHONEPE-AMAZON PRIME 299,400000217,18-12-2025,299.00,,-139077.00
19-12-2025,UPI-PHONEPE-MERCHANT 000218,400000218,19-12-2025,1299.00,,-140376.00
19-12-2025,UPI-PHONEPE-MERCHANT 000219,400000219,19-12-2025,99.00,,-140475.00
19-12-2025,UPI-PHONEPE-MERCHANT 000220,400000220,19-12-2025,299.00,,-140774.00
19-12-2025,UPI-PAYTM-AIRTEL RECHARGE 799,400000221,19-12-2025,1299.00,,-142073.00
20-12-2025,UPI-PAYTM-HOTSTAR 299,400000222,20-12-2025,299.00,,-142372.00
20-12-2025,UPI-PHONEPE-MERCHANT 000223,400000223,20-12-2025,799.00,,-143171.00
20-12-2025,UPI-PHONEPE-MERCHANT 000224,400000224,20-12-2025,299.00,,-143470.00
20-12-2025,UPI-PHONEPE-MERCHANT 000225,400000225,20-12-2025,499.00,,-143969.00
20-12-2025,UPI-PHONEPE-MERCHANT 000226,400000226,20-12-2025,1299.00,,-145268.00
21-12-2025,UPI-PHONEPE-MERCHANT 000227,400000227,21-12-2025,249.00,,-145517.00
21-12-2025,UPI-PHONEPE-MERCHANT 000228,400000228,21-12-2025,149.00,,-145666.00
21-12-2025,UPI-PHONEPE-MERCHANT 000229,400000229,21-12-2025,149.00,,-145815.00
21-12-2025,UPI-ZOMATO-UPI/400000230/Food Order,400000230,21-12-2025,299.00,,-146114.00
22-12-2025,UPI-PHONEPE-MERCHANT 000231,400000231,22-12-2025,799.00,,-146913.00
22-12-2025,UPI-PHONEPE-MERCHANT 000232,400000232,22-12-2025,349.00,,-147262.00
22-12-2025,UPI-PAYTM-AIRTEL RECHARGE 799,400000233,22-12-2025,349.00,,-147611.00
22-12-2025,UPI-PHONEPE-JIO RECHARGE 399,400000234,22-12-2025,49.00,,-147660.00
23-12-2025,ECOM AMAZON.IN CARD XXXX1234 TXN806741,400000235,23-12-2025,499.00,,-148159.00
23-12-2025,UPI-PHONEPE-MERCHANT 000236,400000236,23-12-2025,499.00,,-148658.00
23-12-2025,UPI-PHONEPE-MERCHANT 000237,400000237,23-12-2025,2499.00,,-151157.00
23-12-2025,UPI-PHONEPE-MERCHANT 000238,400000238,23-12-2025,199.00,,-151356.00
24-12-2025,UPI-PHONEPE-MERCHANT 000239,400000239,24-12-2025,49.00,,-151405.00
24-12-2025,UPI-PHONEPE-MERCHANT 000240,400000240,24-12-2025,249.00,,-151654.00
24-12-2025,UPI-PHONEPE-MERCHANT 000241,400000241,24-12-2025,1299.00,,-152953.00
24-12-2025,UPI-PHONEPE-MERCHANT 000242,400000242,24-12-2025,249.00,,-153202.00
25-12-2025,UPI-PAYTM-LARGE GIFT 62000,400000243,25-12-2025,62000.00,,-215202.00
25-12-2025,UPI-PHONEPE-MERCHANT 000244,400000244,25-12-2025,299.00,,-215501.00
25-12-2025,UPI-PHONEPE-MERCHANT 000245,400000245,25-12-2025,199.00,,-215700.00
25-12-2025,UPI-PHONEPE-MERCHANT 000246,400000246,25-12-2025,799.00,,-216499.00
25-12-2025,UPI-PHONEPE-MERCHANT 000247,400000247,25-12-2025,349.00,,-216848.00
26-12-2025,UPI-PHONEPE-MERCHANT 000248,400000248,26-12-2025,149.00,,-216997.00
26-12-2025,UPI-PHONEPE-MERCHANT 000249,400000249,26-12-2025,2499.00,,-219496.00
26-12-2025,UPI-PHONEPE-MERCHANT 000250,400000250,26-12-2025,1899.00,,-221395.00
26-12-2025,UPI-PHONEPE-MERCHANT 000251,400000251,26-12-2025,499.00,,-221894.00
27-12-2025,UPI-PHONEPE-MERCHANT 000252,400000252,27-12-2025,1899.00,,-223793.00
27-12-2025,UPI-PHONEPE-MERCHANT 000253,400000253,27-12-2025,249.00,,-224042.00
27-12-2025,UPI-PHONEPE-MERCHANT 000254,400000254,27-12-2025,149.00,,-224191.00
27-12-2025,UPI-PHONEPE-MERCHANT 000255,400000255,27-12-2025,1299.00,,-225490.00
28-12-2025,UPI-PHONEPE-MERCHANT 000256,400000256,28-12-2025,99.00,,-225589.00
28-12-2025,UPI-PHONEPE-MERCHANT 000257,400000257,28-12-2025,299.00,,-225888.00
28-12-2025,UPI-PHONEPE-MERCHANT 000258,400000258,28-12-2025,49.00,,-225937.00
28-12-2025,UPI-PHONEPE-MERCHANT 000259,400000259,28-12-2025,1899.00,,-227836.00
29-12-2025,UPI-PHONEPE-MERCHANT 000260,400000260,29-12-2025,149.00,,-227985.00
29-12-2025,UPI-PHONEPE-MERCHANT 000261,400000261,29-12-2025,299.00,,-228284.00
29-12-2025,UPI-PHONEPE-MERCHANT 000262,400000262,29-12-2025,99.00,,-228383.00
29-12-2025,UPI-PHONEPE-MERCHANT 000263,400000263,29-12-2025,49.00,,-228432.00
30-12-2025,UPI-PHONEPE-MERCHANT 000264,400000264,30-12-2025,1899.00,,-230331.00
30-12-2025,UPI-PHONEPE-MERCHANT 000265,400000265,30-12-2025,2499.00,,-232830.00
30-12-2025,UPI-PHONEPE-JIO RECHARGE 399,400000266,30-12-2025,1299.00,,-234129.00
30-12-2025,UPI-PHONEPE-MERCHANT 000267,400000267,30-12-2025,499.00,,-234628.00
31-12-2025,UPI-PHONEPE-MERCHANT 000268,400000268,31-12-2025,99.00,,-234727.00
31-12-2025,UPI-PHONEPE-MERCHANT 000269,400000269,31-12-2025,249.00,,-234976.00
31-12-2025,UPI-PHONEPE-MERCHANT 000270,400000270,31-12-2025,299.00,,-235275.00
31-12-2025,UPI-PHONEPE-MERCHANT 000271,400000271,31-12-2025,1899.00,,-237174.00
01-01-2026,NEFT INWARD-ABC COMPANY-SALARY JAN26-N000272,400000272,01-01-2026,,85000.00,-152174.00
01-01-2026,UPI-PHONEPE-MERCHANT 000273,400000273,01-01-2026,199.00,,-152373.00
01-01-2026,UPI-PHONEPE-MERCHANT 000274,400000274,01-01-2026,799.00,,-153172.00
01-01-2026,UPI-PHONEPE-MERCHANT 000275,400000275,01-01-2026,1899.00,,-155071.00
01-01-2026,UPI-PHONEPE-MERCHANT 000276,400000276,01-01-2026,499.00,,-155570.00
02-01-2026,UPI-PHONEPE-MERCHANT 000277,400000277,02-01-2026,299.00,,-155869.00
02-01-2026,ECOM AMAZON.IN CARD XXXX1234 TXN762530,400000278,02-01-2026,49.00,,-155918.00
02-01-2026,UPI-PAYTM-AIRTEL RECHARGE 799,400000279,02-01-2026,99.00,,-156017.00
02-01-2026,UPI-PHONEPE-MERCHANT 000280,400000280,02-01-2026,299.00,,-156316.00
03-01-2026,UPI-PHONEPE-MERCHANT 000281,400000281,03-01-2026,149.00,,-156465.00
03-01-2026,UPI-PHONEPE-MERCHANT 000282,400000282,03-01-2026,99.00,,-156564.00
03-01-2026,UPI-PHONEPE-MERCHANT 000283,400000283,03-01-2026,149.00,,-156713.00
03-01-2026,UPI-PHONEPE-MERCHANT 000284,400000284,03-01-2026,299.00,,-157012.00
04-01-2026,UPI-PHONEPE-MERCHANT 000285,400000285,04-01-2026,799.00,,-157811.00
04-01-2026,UPI-PHONEPE-MERCHANT 000286,400000286,04-01-2026,299.00,,-158110.00
04-01-2026,UPI-SWIGGY-UPI/400000287/SWIGGY/Payment,400000287,04-01-2026,499.00,,-158609.00
04-01-2026,UPI-PHONEPE-MERCHANT 000288,400000288,04-01-2026,149.00,,-158758.00
05-01-2026,ATM WDL AXIS BANK ATM ANDHERI,400000289,05-01-2026,33000.00,,-191758.00
05-01-2026,UPI-PHONEPE-MERCHANT 000290,400000290,05-01-2026,799.00,,-192557.00
05-01-2026,NEFT OUTWARD-LANDLORD-RENT-N000291,400000291,05-01-2026,18000.00,,-210557.00
05-01-2026,UPI-PHONEPE-MERCHANT 000292,400000292,05-01-2026,1299.00,,-211856.00
05-01-2026,UPI-PHONEPE-MERCHANT 000293,400000293,05-01-2026,249.00,,-212105.00
05-01-2026,UPI-PHONEPE-MERCHANT 000294,400000294,05-01-2026,349.00,,-212454.00
06-01-2026,UPI-PHONEPE-MERCHANT 000295,400000295,06-01-2026,499.00,,-212953.00
06-01-2026,UPI-PHONEPE-MERCHANT 000296,400000296,06-01-2026,799.00,,-213752.00
06-01-2026,UPI-PHONEPE-MERCHANT 000297,400000297,06-01-2026,149.00,,-213901.00
06-01-2026,UPI-PHONEPE-JIO RECHARGE 399,400000298,06-01-2026,49.00,,-213950.00
07-01-2026,UPI-PHONEPE-MERCHANT 000299,400000299,07-01-2026,799.00,,-214749.00
07-01-2026,UPI-PHONEPE-MERCHANT 000300,400000300,07-01-2026,799.00,,-215548.00
07-01-2026,UPI-PHONEPE-MERCHANT 000301,400000301,07-01-2026,499.00,,-216047.00
07-01-2026,UPI-PHONEPE-MERCHANT 000302,400000302,07-01-2026,1299.00,,-217346.00
08-01-2026,UPI-PHONEPE-MERCHANT 000303,400000303,08-01-2026,249.00,,-217595.00
08-01-2026,UPI-PHONEPE-MERCHANT 000304,400000304,08-01-2026,499.00,,-218094.00
08-01-2026,BBPS-ACT FIBERNET-INTERNET-REF000305,400000305,08-01-2026,999.00,,-219093.00
08-01-2026,UPI-ZOMATO-UPI/400000306/Food Order,400000306,08-01-2026,99.00,,-219192.00
08-01-2026,UPI-PHONEPE-MERCHANT 000307,400000307,08-01-2026,799.00,,-219991.00
09-01-2026,UPI-PHONEPE-MERCHANT 000308,400000308,09-01-2026,799.00,,-220790.00
09-01-2026,ECOM AMAZON.IN CARD XXXX1234 TXN655355,400000309,09-01-2026,199.00,,-220989.00
09-01-2026,UPI-PHONEPE-MERCHANT 000310,400000310,09-01-2026,49.00,,-221038.00
09-01-2026,UPI-PHONEPE-MERCHANT 000311,400000311,09-01-2026,1899.00,,-222937.00
10-01-2026,BBPS-TATA POWER-BILL PAYMENT-REF000312,400000312,10-01-2026,2666.00,,-225603.00
10-01-2026,UPI-PHONEPE-MERCHANT 000313,400000313,10-01-2026,2499.00,,-228102.00
10-01-2026,UPI-PHONEPE-MERCHANT 000314,400000314,10-01-2026,1299.00,,-229401.00
10-01-2026,UPI-PHONEPE-MERCHANT 000315,400000315,10-01-2026,199.00,,-229600.00
10-01-2026,UPI-PAYTM-AIRTEL RECHARGE 799,400000316,10-01-2026,149.00,,-229749.00
11-01-2026,UPI-PHONEPE-MERCHANT 000317,400000317,11-01-2026,499.00,,-230248.00
11-01-2026,UPI-PHONEPE-MERCHANT 000318,400000318,11-01-2026,2499.00,,-232747.00
11-01-2026,UPI-PHONEPE-MERCHANT 000319,400000319,11-01-2026,149.00,,-232896.00
11-01-2026,UPI-PHONEPE-MERCHANT 000320,400000320,11-01-2026,499.00,,-233395.00
12-01-2026,UPI-PHONEPE-MERCHANT 000321,400000321,12-01-2026,1899.00,,-235294.00
12-01-2026,UPI-NETFLIX-UPI/998877665544/NETFLIX/Payment,400000322,12-01-2026,499.00,,-235793.00
12-01-2026,UPI-PHONEPE-MERCHANT 000323,400000323,12-01-2026,1299.00,,-237092.00
12-01-2026,UPI-PHONEPE-MERCHANT 000324,400000324,12-01-2026,249.00,,-237341.00
12-01-2026,UPI-PHONEPE-MERCHANT 000325,400000325,12-01-2026,499.00,,-237840.00
13-01-2026,UPI-PHONEPE-MERCHANT 000326,400000326,13-01-2026,1899.00,,-239739.00
13-01-2026,UPI-PHONEPE-MERCHANT 000327,400000327,13-01-2026,799.00,,-240538.00
13-01-2026,UPI-PHONEPE-MERCHANT 000328,400000328,13-01-2026,499.00,,-241037.00
13-01-2026,UPI-PHONEPE-MERCHANT 000329,400000329,13-01-2026,499.00,,-241536.00
14-01-2026,UPI-PHONEPE-MERCHANT 000330,400000330,14-01-2026,249.00,,-241785.00
14-01-2026,UPI-PHONEPE-MERCHANT 000331,400000331,14-01-2026,1299.00,,-243084.00
14-01-2026,UPI-PAYTM-AIRTEL RECHARGE 799,400000332,14-01-2026,249.00,,-243333.00
14-01-2026,UPI-PHONEPE-MERCHANT 000333,400000333,14-01-2026,1899.00,,-245232.00
15-01-2026,UPI-PHONEPE-MERCHANT 000334,400000334,15-01-2026,499.00,,-245731.00
15-01-2026,UPI-PHONEPE-MERCHANT 000335,400000335,15-01-2026,199.00,,-245930.00
15-01-2026,UPI-PHONEPE-MERCHANT 000336,400000336,15-01-2026,149.00,,-246079.00
15-01-2026,UPI-SPOTIFY-UPI/887766554433/Music/Payment,400000337,15-01-2026,119.00,,-246198.00
15-01-2026,UPI-PHONEPE-MERCHANT 000338,400000338,15-01-2026,149.00,,-246347.00
16-01-2026,POS DMART POWAI MUMBAI CARD XX6796,400000339,16-01-2026,249.00,,-246596.00
16-01-2026,UPI-PHONEPE-MERCHANT 000340,400000340,16-01-2026,1899.00,,-248495.00
16-01-2026,UPI-PHONEPE-MERCHANT 000341,400000341,16-01-2026,499.00,,-248994.00
16-01-2026,UPI-PHONEPE-MERCHANT 000342,400000342,16-01-2026,199.00,,-249193.00
17-01-2026,UPI-PHONEPE-MERCHANT 000343,400000343,17-01-2026,1899.00,,-251092.00
17-01-2026,UPI-PHONEPE-MERCHANT 000344,400000344,17-01-2026,199.00,,-251291.00
17-01-2026,UPI-PHONEPE-MERCHANT 000345,400000345,17-01-2026,1299.00,,-252590.00
17-01-2026,UPI-PHONEPE-MERCHANT 000346,400000346,17-01-2026,2499.00,,-255089.00
18-01-2026,UPI-PHONEPE-MERCHANT 000347,400000347,18-01-2026,99.00,,-255188.00
18-01-2026,ECOM AMAZON.IN CARD XXXX1234 TXN964218,400000348,18-01-2026,799.00,,-255987.00
18-01-2026,UPI-PHONEPE-AMAZON PRIME 299,400000349,18-01-2026,299.00,,-256286.00
18-01-2026,UPI-PHONEPE-MERCHANT 000350,400000350,18-01-2026,49.00,,-256335.00
18-01-2026,UPI-ZOMATO-UPI/400000351/Food Order,400000351,18-01-2026,249.00,,-256584.00
19-01-2026,POS DMART POWAI MUMBAI CARD XX4805,400000352,19-01-2026,299.00,,-256883.00
19-01-2026,UPI-PHONEPE-MERCHANT 000353,400000353,19-01-2026,1299.00,,-258182.00
19-01-2026,UPI-PHONEPE-MERCHANT 000354,400000354,19-01-2026,249.00,,-258431.00
19-01-2026,UPI-PHONEPE-MERCHANT 000355,400000355,19-01-2026,299.00,,-258730.00
20-01-2026,UPI-PHONEPE-MERCHANT 000356,400000356,20-01-2026,2499.00,,-261229.00
20-01-2026,UPI-PAYTM-HOTSTAR 299,400000357,20-01-2026,299.00,,-261528.00
20-01-2026,UPI-PHONEPE-MERCHANT 000358,400000358,20-01-2026,99.00,,-261627.00
20-01-2026,UPI-PHONEPE-MERCHANT 000359,400000359,20-01-2026,349.00,,-261976.00
20-01-2026,UPI-PHONEPE-MERCHANT 000360,400000360,20-01-2026,249.00,,-262225.00
21-01-2026,UPI-PHONEPE-MERCHANT 000361,400000361,21-01-2026,1899.00,,-264124.00
21-01-2026,UPI-PHONEPE-MERCHANT 000362,400000362,21-01-2026,499.00,,-264623.00
21-01-2026,UPI-PHONEPE-MERCHANT 000363,400000363,21-01-2026,349.00,,-264972.00
21-01-2026,UPI-PHONEPE-MERCHANT 000364,400000364,21-01-2026,799.00,,-265771.00
22-01-2026,UPI-XYZ TRADING-UPI/334455667788/Payment,400000365,22-01-2026,75000.00,,-340771.00
22-01-2026,UPI-PHONEPE-MERCHANT 000366,400000366,22-01-2026,149.00,,-340920.00
22-01-2026,UPI-PHONEPE-MERCHANT 000367,400000367,22-01-2026,149.00,,-341069.00
22-01-2026,UPI-PAYTM-AIRTEL RECHARGE 799,400000368,22-01-2026,299.00,,-341368.00
22-01-2026,UPI-PHONEPE-MERCHANT 000369,400000369,22-01-2026,1299.00,,-342667.00
23-01-2026,UPI-PHONEPE-MERCHANT 000370,400000370,23-01-2026,99.00,,-342766.00
23-01-2026,UPI-PHONEPE-MERCHANT 000371,400000371,23-01-2026,1299.00,,-344065.00
23-01-2026,UPI-PHONEPE-MERCHANT 000372,400000372,23-01-2026,99.00,,-344164.00
23-01-2026,UPI-PHONEPE-MERCHANT 000373,400000373,23-01-2026,249.00,,-344413.00
24-01-2026,UPI-PHONEPE-MERCHANT 000374,400000374,24-01-2026,149.00,,-344562.00
24-01-2026,UPI-PHONEPE-MERCHANT 000375,400000375,24-01-2026,2499.00,,-347061.00
24-01-2026,UPI-PHONEPE-MERCHANT 000376,400000376,24-01-2026,149.00,,-347210.00
24-01-2026,UPI-SWIGGY-UPI/400000377/SWIGGY/Payment,400000377,24-01-2026,1899.00,,-349109.00
24-01-2026,UPI-PHONEPE-MERCHANT 000378,400000378,24-01-2026,199.00,,-349308.00
25-01-2026,UPI-PHONEPE-MERCHANT 000379,400000379,25-01-2026,99.00,,-349407.00
25-01-2026,UPI-PHONEPE-MERCHANT 000380,400000380,25-01-2026,199.00,,-349606.00
25-01-2026,UPI-PHONEPE-MERCHANT 000381,400000381,25-01-2026,799.00,,-350405.00
25-01-2026,UPI-PHONEPE-MERCHANT 000382,400000382,25-01-2026,499.00,,-350904.00
26-01-2026,UPI-PHONEPE-MERCHANT 000383,400000383,26-01-2026,149.00,,-351053.00
26-01-2026,UPI-PHONEPE-MERCHANT 000384,400000384,26-01-2026,799.00,,-351852.00
26-01-2026,UPI-PAYTM-AIRTEL RECHARGE 799,400000385,26-01-2026,299.00,,-352151.00
26-01-2026,UPI-PHONEPE-MERCHANT 000386,400000386,26-01-2026,1299.00,,-353450.00
27-01-2026,POS DMART POWAI MUMBAI CARD XX1491,400000387,27-01-2026,49.00,,-353499.00
27-01-2026,UPI-PHONEPE-MERCHANT 000388,400000388,27-01-2026,349.00,,-353848.00
27-01-2026,UPI-PHONEPE-JIO RECHARGE 399,400000389,27-01-2026,249.00,,-354097.00
27-01-2026,UPI-PHONEPE-MERCHANT 000390,400000390,27-01-2026,99.00,,-354196.00
28-01-2026,UPI-PHONEPE-MERCHANT 000391,400000391,28-01-2026,499.00,,-354695.00
28-01-2026,UPI-PHONEPE-MERCHANT 000392,400000392,28-01-2026,249.00,,-354944.00
28-01-2026,UPI-PHONEPE-MERCHANT 000393,400000393,28-01-2026,99.00,,-355043.00
28-01-2026,UPI-SWIGGY-UPI/400000394/SWIGGY/Payment,400000394,28-01-2026,799.00,,-355842.00
29-01-2026,UPI-PHONEPE-MERCHANT 000395,400000395,29-01-2026,499.00,,-356341.00
29-01-2026,UPI-PHONEPE-MERCHANT 000396,400000396,29-01-2026,249.00,,-356590.00
29-01-2026,UPI-PHONEPE-MERCHANT 000397,400000397,29-01-2026,349.00,,-356939.00
29-01-2026,UPI-SWIGGY-UPI/400000398/SWIGGY/Payment,400000398,29-01-2026,99.00,,-357038.00
30-01-2026,UPI-PHONEPE-MERCHANT 000399,400000399,30-01-2026,799.00,,-357837.00
30-01-2026,UPI-PHONEPE-MERCHANT 000400,400000400,30-01-2026,249.00,,-358086.00
30-01-2026,UPI-PHONEPE-MERCHANT 000401,400000401,30-01-2026,149.00,,-358235.00
30-01-2026,UPI-PHONEPE-MERCHANT 000402,400000402,30-01-2026,99.00,,-358334.00
31-01-2026,UPI-PHONEPE-MERCHANT 000403,400000403,31-01-2026,99.00,,-358433.00
31-01-2026,UPI-PHONEPE-MERCHANT 000404,400000404,31-01-2026,1299.00,,-359732.00
31-01-2026,UPI-SWIGGY-UPI/400000405/SWIGGY/Payment,400000405,31-01-2026,349.00,,-360081.00
31-01-2026,UPI-PHONEPE-JIO RECHARGE 399,400000406,31-01-2026,99.00,,-360180.00
01-02-2026,NEFT INWARD-ABC COMPANY-SALARY FEB26-N000407,400000407,01-02-2026,,85000.00,-275180.00
01-02-2026,UPI-PHONEPE-MERCHANT 000408,400000408,01-02-2026,149.00,,-275329.00
01-02-2026,UPI-PAYTM-AIRTEL RECHARGE 799,400000409,01-02-2026,1899.00,,-277228.00
01-02-2026,UPI-PHONEPE-MERCHANT 000410,400000410,01-02-2026,299.00,,-277527.00
01-02-2026,UPI-PHONEPE-MERCHANT 000411,400000411,01-02-2026,349.00,,-277876.00
02-02-2026,UPI-PHONEPE-VERIFY 1,400000412,02-02-2026,1.00,,-277877.00
02-02-2026,UPI-PHONEPE-VERIFY 1,400000413,02-02-2026,1.00,,-277878.00
02-02-2026,UPI-PHONEPE-MERCHANT 000414,400000414,02-02-2026,1299.00,,-279177.00
02-02-2026,UPI-PHONEPE-MERCHANT 000415,400000415,02-02-2026,299.00,,-279476.00
02-02-2026,UPI-PHONEPE-MERCHANT 000416,400000416,02-02-2026,1899.00,,-281375.00
02-02-2026,UPI-PHONEPE-MERCHANT 000417,400000417,02-02-2026,499.00,,-281874.00
03-02-2026,UPI-PHONEPE-MERCHANT 000418,400000418,03-02-2026,2499.00,,-284373.00
03-02-2026,UPI-PHONEPE-MERCHANT 000419,400000419,03-02-2026,299.00,,-284672.00
03-02-2026,UPI-PHONEPE-MERCHANT 000420,400000420,03-02-2026,249.00,,-284921.00
03-02-2026,UPI-PHONEPE-MERCHANT 000421,400000421,03-02-2026,199.00,,-285120.00
03-02-2026,UPI-PHONEPE-MERCHANT 000422,400000422,03-02-2026,149.00,,-285269.00
04-02-2026,UPI-PHONEPE-MERCHANT 000423,400000423,04-02-2026,1299.00,,-286568.00
04-02-2026,UPI-PHONEPE-MERCHANT 000424,400000424,04-02-2026,249.00,,-286817.00
04-02-2026,UPI-PHONEPE-MERCHANT 000425,400000425,04-02-2026,199.00,,-287016.00
04-02-2026,UPI-PHONEPE-MERCHANT 000426,400000426,04-02-2026,2499.00,,-289515.00
05-02-2026,UPI-PHONEPE-MERCHANT 000427,400000427,05-02-2026,2499.00,,-292014.00
05-02-2026,POS DMART POWAI MUMBAI CARD XX8579,400000428,05-02-2026,2499.00,,-294513.00
05-02-2026,NEFT OUTWARD-LANDLORD-RENT-N000429,400000429,05-02-2026,18000.00,,-312513.00
05-02-2026,UPI-PHONEPE-MERCHANT 000430,400000430,05-02-2026,2499.00,,-315012.00
05-02-2026,UPI-PHONEPE-MERCHANT 000431,400000431,05-02-2026,1899.00,,-316911.00
06-02-2026,ECOM AMAZON.IN CARD XXXX1234 TXN413781,400000432,06-02-2026,249.00,,-317160.00
06-02-2026,UPI-PHONEPE-MERCHANT 000433,400000433,06-02-2026,299.00,,-317459.00
06-02-2026,POS DMART POWAI MUMBAI CARD XX1609,400000434,06-02-2026,249.00,,-317708.00
06-02-2026,UPI-PHONEPE-MERCHANT 000435,400000435,06-02-2026,499.00,,-318207.00
07-02-2026,ECOM AMAZON.IN CARD XXXX1234 TXN107250,400000436,07-02-2026,199.00,,-318406.00
07-02-2026,POS DMART POWAI MUMBAI CARD XX6049,400000437,07-02-2026,2499.00,,-320905.00
07-02-2026,UPI-PHONEPE-MERCHANT 000438,400000438,07-02-2026,1899.00,,-322804.00
07-02-2026,UPI-PHONEPE-JIO RECHARGE 399,400000439,07-02-2026,299.00,,-323103.00
08-02-2026,UPI-PHONEPE-MERCHANT 000440,400000440,08-02-2026,799.00,,-323902.00
08-02-2026,BBPS-ACT FIBERNET-INTERNET-REF000441,400000441,08-02-2026,999.00,,-324901.00
08-02-2026,UPI-PHONEPE-MERCHANT 000442,400000442,08-02-2026,1899.00,,-326800.00
08-02-2026,UPI-PHONEPE-MERCHANT 000443,400000443,08-02-2026,2499.00,,-329299.00
08-02-2026,UPI-PHONEPE-MERCHANT 000444,400000444,08-02-2026,349.00,,-329648.00
09-02-2026,POS DMART POWAI MUMBAI CARD XX2745,400000445,09-02-2026,149.00,,-329797.00
09-02-2026,UPI-PHONEPE-MERCHANT 000446,400000446,09-02-2026,499.00,,-330296.00
09-02-2026,UPI-PHONEPE-MERCHANT 000447,400000447,09-02-2026,49.00,,-330345.00
09-02-2026,UPI-PHONEPE-JIO RECHARGE 399,400000448,09-02-2026,2499.00,,-332844.00
10-02-2026,UPI-PHONEPE-MERCHANT 000449,400000449,10-02-2026,199.00,,-333043.00
10-02-2026,BBPS-TATA POWER-BILL PAYMENT-REF000450,400000450,10-02-2026,3000.00,,-336043.00
10-02-2026,UPI-PHONEPE-MERCHANT 000451,400000451,10-02-2026,499.00,,-336542.00
10-02-2026,UPI-ZOMATO-UPI/400000452/Food Order,400000452,10-02-2026,349.00,,-336891.00
10-02-2026,UPI-PHONEPE-MERCHANT 000453,400000453,10-02-2026,199.00,,-337090.00
11-02-2026,UPI-PHONEPE-MERCHANT 000454,400000454,11-02-2026,799.00,,-337889.00
11-02-2026,UPI-PHONEPE-MERCHANT 000455,400000455,11-02-2026,1299.00,,-339188.00
11-02-2026,UPI-ZOMATO-UPI/400000456/Food Order,400000456,11-02-2026,2499.00,,-341687.00
11-02-2026,UPI-PHONEPE-MERCHANT 000457,400000457,11-02-2026,1899.00,,-343586.00
12-02-2026,UPI-NETFLIX-UPI/998877665544/NETFLIX/Payment,400000458,12-02-2026,499.00,,-344085.00
12-02-2026,UPI-PHONEPE-MERCHANT 000459,400000459,12-02-2026,299.00,,-344384.00
12-02-2026,UPI-PHONEPE-JIO RECHARGE 399,400000460,12-02-2026,299.00,,-344683.00
12-02-2026,UPI-PHONEPE-MERCHANT 000461,400000461,12-02-2026,199.00,,-344882.00
12-02-2026,UPI-PHONEPE-MERCHANT 000462,400000462,12-02-2026,2499.00,,-347381.00
13-02-2026,UPI-PHONEPE-MERCHANT 000463,400000463,13-02-2026,499.00,,-347880.00
13-02-2026,UPI-PHONEPE-MERCHANT 000464,400000464,13-02-2026,1299.00,,-349179.00
13-02-2026,UPI-SWIGGY-UPI/400000465/SWIGGY/Payment,400000465,13-02-2026,299.00,,-349478.00
13-02-2026,UPI-PHONEPE-JIO RECHARGE 399,400000466,13-02-2026,1299.00,,-350777.00
14-02-2026,NEFT OUTWARD-ROUND TEST-N888777,400000467,14-02-2026,100000.00,,-450777.00
14-02-2026,UPI-PHONEPE-MERCHANT 000468,400000468,14-02-2026,49.00,,-450826.00
14-02-2026,UPI-SWIGGY-UPI/400000469/SWIGGY/Payment,400000469,14-02-2026,99.00,,-450925.00
14-02-2026,UPI-PHONEPE-MERCHANT 000470,400000470,14-02-2026,49.00,,-450974.00
14-02-2026,UPI-PHONEPE-MERCHANT 000471,400000471,14-02-2026,349.00,,-451323.00
15-02-2026,UPI-PHONEPE-MERCHANT 000472,400000472,15-02-2026,1899.00,,-453222.00
15-02-2026,UPI-SPOTIFY-UPI/887766554433/Music/Payment,400000473,15-02-2026,119.00,,-453341.00
15-02-2026,UPI-ZOMATO-UPI/400000474/Food Order,400000474,15-02-2026,799.00,,-454140.00
15-02-2026,UPI-ZOMATO-UPI/400000475/Food Order,400000475,15-02-2026,249.00,,-454389.00
15-02-2026,UPI-PHONEPE-MERCHANT 000476,400000476,15-02-2026,249.00,,-454638.00
16-02-2026,UPI-PHONEPE-MERCHANT 000477,400000477,16-02-2026,199.00,,-454837.00
16-02-2026,UPI-PAYTM-AIRTEL RECHARGE 799,400000478,16-02-2026,99.00,,-454936.00
16-02-2026,UPI-PHONEPE-MERCHANT 000479,400000479,16-02-2026,499.00,,-455435.00
16-02-2026,UPI-PHONEPE-MERCHANT 000480,400000480,16-02-2026,799.00,,-456234.00
17-02-2026,UPI-PHONEPE-MERCHANT 000481,400000481,17-02-2026,299.00,,-456533.00
17-02-2026,UPI-PHONEPE-MERCHANT 000482,400000482,17-02-2026,149.00,,-456682.00
17-02-2026,UPI-PAYTM-AIRTEL RECHARGE 799,400000483,17-02-2026,149.00,,-456831.00
17-02-2026,UPI-PAYTM-AIRTEL RECHARGE 799,400000484,17-02-2026,349.00,,-457180.00
18-02-2026,UPI-PHONEPE-MERCHANT 000485,400000485,18-02-2026,349.00,,-457529.00
18-02-2026,UPI-PHONEPE-MERCHANT 000486,400000486,18-02-2026,99.00,,-457628.00
18-02-2026,UPI-PHONEPE-AMAZON PRIME 299,400000487,18-02-2026,299.00,,-457927.00
18-02-2026,UPI-PHONEPE-MERCHANT 000488,400000488,18-02-2026,2499.00,,-460426.00
18-02-2026,UPI-PHONEPE-MERCHANT 000489,400000489,18-02-2026,1899.00,,-462325.00
19-02-2026,UPI-PHONEPE-MERCHANT 000490,400000490,19-02-2026,49.00,,-462374.00
19-02-2026,UPI-PHONEPE-MERCHANT 000491,400000491,19-02-2026,2499.00,,-464873.00
19-02-2026,UPI-PHONEPE-JIO RECHARGE 399,400000492,19-02-2026,249.00,,-465122.00
19-02-2026,UPI-PHONEPE-MERCHANT 000493,400000493,19-02-2026,799.00,,-465921.00
20-02-2026,UPI-PAYTM-HOTSTAR 299,400000494,20-02-2026,299.00,,-466220.00
20-02-2026,UPI-PHONEPE-MERCHANT 000495,400000495,20-02-2026,1899.00,,-468119.00
20-02-2026,UPI-PHONEPE-MERCHANT 000496,400000496,20-02-2026,1899.00,,-470018.00
20-02-2026,UPI-PHONEPE-MERCHANT 000497,400000497,20-02-2026,49.00,,-470067.00
20-02-2026,UPI-PHONEPE-MERCHANT 000498,400000498,20-02-2026,249.00,,-470316.00
21-02-2026,UPI-PHONEPE-MERCHANT 000499,400000499,21-02-2026,299.00,,-470615.00
21-02-2026,ECOM AMAZON.IN CARD XXXX1234 TXN849461,400000500,21-02-2026,199.00,,-470814.00
21-02-2026,UPI-PHONEPE-MERCHANT 000501,400000501,21-02-2026,1299.00,,-472113.00
21-02-2026,UPI-PHONEPE-MERCHANT 000502,400000502,21-02-2026,299.00,,-472412.00
22-02-2026,UPI-PHONEPE-MERCHANT 000503,400000503,22-02-2026,49.00,,-472461.00
22-02-2026,UPI-PHONEPE-MERCHANT 000504,400000504,22-02-2026,499.00,,-472960.00
22-02-2026,UPI-PHONEPE-MERCHANT 000505,400000505,22-02-2026,349.00,,-473309.00
22-02-2026,UPI-PHONEPE-MERCHANT 000506,400000506,22-02-2026,149.00,,-473458.00
23-02-2026,UPI-PHONEPE-MERCHANT 000507,400000507,23-02-2026,299.00,,-473757.00
23-02-2026,UPI-PHONEPE-MERCHANT 000508,400000508,23-02-2026,49.00,,-473806.00
23-02-2026,UPI-PHONEPE-MERCHANT 000509,400000509,23-02-2026,299.00,,-474105.00
23-02-2026,UPI-PHONEPE-MERCHANT 000510,400000510,23-02-2026,1299.00,,-475404.00
24-02-2026,UPI-PHONEPE-MERCHANT 000511,400000511,24-02-2026,99.00,,-475503.00
24-02-2026,UPI-PHONEPE-MERCHANT 000512,400000512,24-02-2026,1299.00,,-476802.00
24-02-2026,UPI-PHONEPE-MERCHANT 000513,400000513,24-02-2026,249.00,,-477051.00
24-02-2026,UPI-PHONEPE-MERCHANT 000514,400000514,24-02-2026,99.00,,-477150.00
25-02-2026,UPI-PHONEPE-MERCHANT 000515,400000515,25-02-2026,499.00,,-477649.00
25-02-2026,UPI-PHONEPE-MERCHANT 000516,400000516,25-02-2026,99.00,,-477748.00
25-02-2026,UPI-PAYTM-AIRTEL RECHARGE 799,400000517,25-02-2026,349.00,,-478097.00
25-02-2026,UPI-PHONEPE-MERCHANT 000518,400000518,25-02-2026,199.00,,-478296.00
26-02-2026,ECOM AMAZON.IN CARD XXXX1234 TXN353028,400000519,26-02-2026,99.00,,-478395.00
26-02-2026,POS DMART POWAI MUMBAI CARD XX1728,400000520,26-02-2026,799.00,,-479194.00
26-02-2026,UPI-SWIGGY-UPI/400000521/SWIGGY/Payment,400000521,26-02-2026,349.00,,-479543.00
26-02-2026,UPI-PHONEPE-MERCHANT 000522,400000522,26-02-2026,99.00,,-479642.00
27-02-2026,UPI-PHONEPE-MERCHANT 000523,400000523,27-02-2026,349.00,,-479991.00
27-02-2026,UPI-PHONEPE-MERCHANT 000524,400000524,27-02-2026,1299.00,,-481290.00
27-02-2026,UPI-PHONEPE-MERCHANT 000525,400000525,27-02-2026,149.00,,-481439.00
27-02-2026,UPI-PHONEPE-MERCHANT 000526,400000526,27-02-2026,49.00,,-481488.00
28-02-2026,UPI-PHONEPE-MERCHANT 000527,400000527,28-02-2026,499.00,,-481987.00
28-02-2026,UPI-PHONEPE-MERCHANT 000528,400000528,28-02-2026,1299.00,,-483286.00
28-02-2026,UPI-SWIGGY-UPI/400000529/SWIGGY/Payment,400000529,28-02-2026,149.00,,-483435.00
28-02-2026,UPI-PHONEPE-JIO RECHARGE 399,400000530,28-02-2026,799.00,,-484234.00
01-03-2026,NEFT INWARD-ABC COMPANY-SALARY MAR26-N000531,400000531,01-03-2026,,85000.00,-399234.00
01-03-2026,UPI-PHONEPE-MERCHANT 000532,400000532,01-03-2026,249.00,,-399483.00
01-03-2026,UPI-PHONEPE-MERCHANT 000533,400000533,01-03-2026,199.00,,-399682.00
01-03-2026,UPI-PHONEPE-MERCHANT 000534,400000534,01-03-2026,249.00,,-399931.00
01-03-2026,UPI-PHONEPE-JIO RECHARGE 399,400000535,01-03-2026,199.00,,-400130.00
02-03-2026,ECOM AMAZON.IN CARD XXXX1234 TXN738722,400000536,02-03-2026,2499.00,,-402629.00
02-03-2026,UPI-PHONEPE-MERCHANT 000537,400000537,02-03-2026,2499.00,,-405128.00
02-03-2026,UPI-PHONEPE-MERCHANT 000538,400000538,02-03-2026,499.00,,-405627.00
02-03-2026,UPI-PAYTM-AIRTEL RECHARGE 799,400000539,02-03-2026,99.00,,-405726.00
03-03-2026,UPI-PHONEPE-MERCHANT 000540,400000540,03-03-2026,199.00,,-405925.00
03-03-2026,UPI-PHONEPE-MERCHANT 000541,400000541,03-03-2026,799.00,,-406724.00
03-03-2026,UPI-PHONEPE-MERCHANT 000542,400000542,03-03-2026,349.00,,-407073.00
03-03-2026,UPI-PHONEPE-MERCHANT 000543,400000543,03-03-2026,249.00,,-407322.00
04-03-2026,UPI-PHONEPE-MERCHANT 000544,400000544,04-03-2026,349.00,,-407671.00
04-03-2026,ECOM AMAZON.IN CARD XXXX1234 TXN852472,400000545,04-03-2026,149.00,,-407820.00
04-03-2026,UPI-PHONEPE-MERCHANT 000546,400000546,04-03-2026,199.00,,-408019.00
04-03-2026,UPI-PHONEPE-MERCHANT 000547,400000547,04-03-2026,249.00,,-408268.00
05-03-2026,UPI-PHONEPE-MERCHANT 000548,400000548,05-03-2026,2499.00,,-410767.00
05-03-2026,UPI-PHONEPE-MERCHANT 000549,400000549,05-03-2026,499.00,,-411266.00
05-03-2026,UPI-PHONEPE-MERCHANT 000550,400000550,05-03-2026,1899.00,,-413165.00
05-03-2026,NEFT OUTWARD-LANDLORD-RENT-N000551,400000551,05-03-2026,18000.00,,-431165.00
05-03-2026,UPI-PHONEPE-MERCHANT 000552,400000552,05-03-2026,49.00,,-431214.00
06-03-2026,UPI-PHONEPE-MERCHANT 000553,400000553,06-03-2026,1899.00,,-433113.00
06-03-2026,UPI-PHONEPE-MERCHANT 000554,400000554,06-03-2026,1299.00,,-434412.00
06-03-2026,UPI-PHONEPE-MERCHANT 000555,400000555,06-03-2026,49.00,,-434461.00
06-03-2026,UPI-PHONEPE-MERCHANT 000556,400000556,06-03-2026,1299.00,,-435760.00
07-03-2026,UPI-PHONEPE-MERCHANT 000557,400000557,07-03-2026,1899.00,,-437659.00
07-03-2026,UPI-PHONEPE-MERCHANT 000558,400000558,07-03-2026,49.00,,-437708.00
07-03-2026,UPI-PHONEPE-MERCHANT 000559,400000559,07-03-2026,199.00,,-437907.00
07-03-2026,UPI-PHONEPE-MERCHANT 000560,400000560,07-03-2026,499.00,,-438406.00
08-03-2026,BBPS-ACT FIBERNET-INTERNET-REF000561,400000561,08-03-2026,999.00,,-439405.00
08-03-2026,UPI-PHONEPE-MERCHANT 000562,400000562,08-03-2026,299.00,,-439704.00
08-03-2026,UPI-PHONEPE-MERCHANT 000563,400000563,08-03-2026,499.00,,-440203.00
08-03-2026,UPI-PHONEPE-MERCHANT 000564,400000564,08-03-2026,299.00,,-440502.00
08-03-2026,UPI-PHONEPE-JIO RECHARGE 399,400000565,08-03-2026,99.00,,-440601.00
09-03-2026,UPI-PHONEPE-MERCHANT 000566,400000566,09-03-2026,249.00,,-440850.00
09-03-2026,UPI-PHONEPE-MERCHANT 000567,400000567,09-03-2026,349.00,,-441199.00
09-03-2026,UPI-PHONEPE-MERCHANT 000568,400000568,09-03-2026,299.00,,-441498.00
09-03-2026,UPI-PHONEPE-MERCHANT 000569,400000569,09-03-2026,299.00,,-441797.00
10-03-2026,BBPS-TATA POWER-BILL PAYMENT-REF000570,400000570,10-03-2026,2877.00,,-444674.00
10-03-2026,UPI-PHONEPE-MERCHANT 000571,400000571,10-03-2026,299.00,,-444973.00
10-03-2026,UPI-PHONEPE-MERCHANT 000572,400000572,10-03-2026,799.00,,-445772.00
10-03-2026,UPI-PHONEPE-MERCHANT 000573,400000573,10-03-2026,2499.00,,-448271.00
10-03-2026,UPI-PHONEPE-MERCHANT 000574,400000574,10-03-2026,1299.00,,-449570.00
11-03-2026,UPI-PHONEPE-MERCHANT 000575,400000575,11-03-2026,499.00,,-450069.00
11-03-2026,UPI-PHONEPE-MERCHANT 000576,400000576,11-03-2026,1299.00,,-451368.00
11-03-2026,UPI-PAYTM-AIRTEL RECHARGE 799,400000577,11-03-2026,99.00,,-451467.00
11-03-2026,UPI-PHONEPE-MERCHANT 000578,400000578,11-03-2026,1899.00,,-453366.00
12-03-2026,UPI-NETFLIX-UPI/998877665544/NETFLIX/Payment,400000579,12-03-2026,499.00,,-453865.00
12-03-2026,UPI-PHONEPE-MERCHANT 000580,400000580,12-03-2026,199.00,,-454064.00
12-03-2026,UPI-PHONEPE-MERCHANT 000581,400000581,12-03-2026,99.00,,-454163.00
12-03-2026,UPI-PAYTM-AIRTEL RECHARGE 799,400000582,12-03-2026,499.00,,-454662.00
12-03-2026,UPI-PHONEPE-MERCHANT 000583,400000583,12-03-2026,799.00,,-455461.00
13-03-2026,UPI-PHONEPE-MERCHANT 000584,400000584,13-03-2026,149.00,,-455610.00
13-03-2026,UPI-PHONEPE-MERCHANT 000585,400000585,13-03-2026,1299.00,,-456909.00
13-03-2026,UPI-PHONEPE-MERCHANT 000586,400000586,13-03-2026,199.00,,-457108.00
13-03-2026,UPI-PHONEPE-MERCHANT 000587,400000587,13-03-2026,99.00,,-457207.00
14-03-2026,UPI-PHONEPE-MERCHANT 000588,400000588,14-03-2026,249.00,,-457456.00
14-03-2026,UPI-PHONEPE-MERCHANT 000589,400000589,14-03-2026,2499.00,,-459955.00
14-03-2026,UPI-PHONEPE-MERCHANT 000590,400000590,14-03-2026,249.00,,-460204.00
14-03-2026,UPI-PHONEPE-JIO RECHARGE 399,400000591,14-03-2026,49.00,,-460253.00
15-03-2026,NEFT OUTWARD-SUN LARGE-N000592,400000592,15-03-2026,95000.00,,-555253.00
15-03-2026,UPI-PHONEPE-MERCHANT 000593,400000593,15-03-2026,1899.00,,-557152.00
15-03-2026,UPI-PHONEPE-MERCHANT 000594,400000594,15-03-2026,799.00,,-557951.00
15-03-2026,UPI-PHONEPE-MERCHANT 000595,400000595,15-03-2026,299.00,,-558250.00
15-03-2026,UPI-SPOTIFY-UPI/887766554433/Music/Payment,400000596,15-03-2026,119.00,,-558369.00
15-03-2026,UPI-PHONEPE-MERCHANT 000597,400000597,15-03-2026,1299.00,,-559668.00
16-03-2026,UPI-PHONEPE-MERCHANT 000598,400000598,16-03-2026,1299.00,,-560967.00
16-03-2026,UPI-PHONEPE-MERCHANT 000599,400000599,16-03-2026,249.00,,-561216.00
16-03-2026,UPI-PHONEPE-MERCHANT 000600,400000600,16-03-2026,499.00,,-561715.00
16-03-2026,UPI-PHONEPE-MERCHANT 000601,400000601,16-03-2026,199.00,,-561914.00
17-03-2026,UPI-PHONEPE-MERCHANT 000602,400000602,17-03-2026,99.00,,-562013.00
17-03-2026,UPI-PAYTM-AIRTEL RECHARGE 799,400000603,17-03-2026,1299.00,,-563312.00
17-03-2026,UPI-SWIGGY-UPI/400000604/SWIGGY/Payment,400000604,17-03-2026,49.00,,-563361.00
17-03-2026,UPI-PHONEPE-MERCHANT 000605,400000605,17-03-2026,299.00,,-563660.00
18-03-2026,UPI-PHONEPE-AMAZON PRIME 299,400000606,18-03-2026,299.00,,-563959.00
18-03-2026,UPI-PHONEPE-MERCHANT 000607,400000607,18-03-2026,149.00,,-564108.00
18-03-2026,UPI-PHONEPE-MERCHANT 000608,400000608,18-03-2026,249.00,,-564357.00
18-03-2026,UPI-PHONEPE-MERCHANT 000609,400000609,18-03-2026,149.00,,-564506.00
18-03-2026,UPI-PHONEPE-MERCHANT 000610,400000610,18-03-2026,499.00,,-565005.00
19-03-2026,UPI-PHONEPE-MERCHANT 000611,400000611,19-03-2026,249.00,,-565254.00
19-03-2026,UPI-PHONEPE-MERCHANT 000612,400000612,19-03-2026,49.00,,-565303.00
19-03-2026,UPI-PHONEPE-MERCHANT 000613,400000613,19-03-2026,1899.00,,-567202.00
19-03-2026,UPI-PHONEPE-MERCHANT 000614,400000614,19-03-2026,99.00,,-567301.00
20-03-2026,ECOM AMAZON.IN CARD XXXX1234 TXN274040,400000615,20-03-2026,799.00,,-568100.00
20-03-2026,UPI-PAYTM-HOTSTAR 299,400000616,20-03-2026,299.00,,-568399.00
20-03-2026,UPI-PHONEPE-MERCHANT 000617,400000617,20-03-2026,1899.00,,-570298.00
20-03-2026,UPI-PHONEPE-MERCHANT 000618,400000618,20-03-2026,149.00,,-570447.00
20-03-2026,UPI-PHONEPE-MERCHANT 000619,400000619,20-03-2026,2499.00,,-572946.00
21-03-2026,UPI-PHONEPE-MERCHANT 000620,400000620,21-03-2026,99.00,,-573045.00
21-03-2026,UPI-PHONEPE-MERCHANT 000621,400000621,21-03-2026,199.00,,-573244.00
21-03-2026,UPI-PHONEPE-MERCHANT 000622,400000622,21-03-2026,1299.00,,-574543.00
21-03-2026,UPI-PHONEPE-MERCHANT 000623,400000623,21-03-2026,299.00,,-574842.00
22-03-2026,UPI-PHONEPE-MERCHANT 000624,400000624,22-03-2026,199.00,,-575041.00
22-03-2026,UPI-PHONEPE-MERCHANT 000625,400000625,22-03-2026,99.00,,-575140.00
22-03-2026,UPI-PHONEPE-MERCHANT 000626,400000626,22-03-2026,249.00,,-575389.00
22-03-2026,UPI-PAYTM-AIRTEL RECHARGE 799,400000627,22-03-2026,199.00,,-575588.00
23-03-2026,UPI-PHONEPE-MERCHANT 000628,400000628,23-03-2026,1899.00,,-577487.00
23-03-2026,UPI-PHONEPE-MERCHANT 000629,400000629,23-03-2026,99.00,,-577586.00
23-03-2026,UPI-PAYTM-AIRTEL RECHARGE 799,400000630,23-03-2026,2499.00,,-580085.00
23-03-2026,UPI-PHONEPE-MERCHANT 000631,400000631,23-03-2026,799.00,,-580884.00
24-03-2026,UPI-PHONEPE-MERCHANT 000632,400000632,24-03-2026,799.00,,-581683.00
24-03-2026,UPI-PAYTM-AIRTEL RECHARGE 799,400000633,24-03-2026,499.00,,-582182.00
24-03-2026,UPI-PHONEPE-MERCHANT 000634,400000634,24-03-2026,799.00,,-582981.00
24-03-2026,UPI-PHONEPE-MERCHANT 000635,400000635,24-03-2026,1299.00,,-584280.00
25-03-2026,UPI-PHONEPE-MERCHANT 000636,400000636,25-03-2026,1299.00,,-585579.00
25-03-2026,UPI-PHONEPE-MERCHANT 000637,400000637,25-03-2026,49.00,,-585628.00
25-03-2026,UPI-PHONEPE-MERCHANT 000638,400000638,25-03-2026,499.00,,-586127.00
25-03-2026,UPI-PHONEPE-MERCHANT 000639,400000639,25-03-2026,99.00,,-586226.00
26-03-2026,UPI-PAYTM-AIRTEL RECHARGE 799,400000640,26-03-2026,349.00,,-586575.00
26-03-2026,UPI-PHONEPE-MERCHANT 000641,400000641,26-03-2026,199.00,,-586774.00
26-03-2026,UPI-PHONEPE-MERCHANT 000642,400000642,26-03-2026,299.00,,-587073.00
26-03-2026,UPI-SWIGGY-UPI/400000643/SWIGGY/Payment,400000643,26-03-2026,99.00,,-587172.00
27-03-2026,UPI-PHONEPE-MERCHANT 000644,400000644,27-03-2026,799.00,,-587971.00
27-03-2026,UPI-PHONEPE-MERCHANT 000645,400000645,27-03-2026,49.00,,-588020.00
27-03-2026,UPI-PHONEPE-MERCHANT 000646,400000646,27-03-2026,1899.00,,-589919.00
27-03-2026,UPI-PHONEPE-MERCHANT 000647,400000647,27-03-2026,49.00,,-589968.00
28-03-2026,ECOM FOREX LOAD SINGAPORE CARD XXXX2233,400000648,28-03-2026,41000.00,,-630968.00
28-03-2026,UPI-PHONEPE-MERCHANT 000649,400000649,28-03-2026,149.00,,-631117.00
28-03-2026,UPI-PHONEPE-MERCHANT 000650,400000650,28-03-2026,1299.00,,-632416.00
28-03-2026,UPI-PHONEPE-MERCHANT 000651,400000651,28-03-2026,799.00,,-633215.00
28-03-2026,UPI-ZOMATO-UPI/400000652/Food Order,400000652,28-03-2026,99.00,,-633314.00
29-03-2026,UPI-PHONEPE-MERCHANT 000653,400000653,29-03-2026,249.00,,-633563.00
29-03-2026,UPI-PHONEPE-MERCHANT 000654,400000654,29-03-2026,2499.00,,-636062.00
29-03-2026,UPI-SWIGGY-UPI/400000655/SWIGGY/Payment,400000655,29-03-2026,2499.00,,-638561.00
29-03-2026,UPI-SWIGGY-UPI/400000656/SWIGGY/Payment,400000656,29-03-2026,199.00,,-638760.00
30-03-2026,UPI-PHONEPE-MERCHANT 000657,400000657,30-03-2026,99.00,,-638859.00
30-03-2026,UPI-PHONEPE-MERCHANT 000658,400000658,30-03-2026,199.00,,-639058.00
30-03-2026,UPI-PHONEPE-MERCHANT 000659,400000659,30-03-2026,349.00,,-639407.00
30-03-2026,UPI-PHONEPE-MERCHANT 000660,400000660,30-03-2026,99.00,,-639506.00
31-03-2026,POS DMART POWAI MUMBAI CARD XX1431,400000661,31-03-2026,1899.00,,-641405.00
31-03-2026,UPI-PHONEPE-MERCHANT 000662,400000662,31-03-2026,1299.00,,-642704.00
31-03-2026,UPI-PHONEPE-MERCHANT 000663,400000663,31-03-2026,1899.00,,-644603.00
31-03-2026,UPI-PHONEPE-MERCHANT 000664,400000664,31-03-2026,1299.00,,-645902.00
01-04-2026,NEFT INWARD-ABC COMPANY-SALARY APR26-N000665,400000665,01-04-2026,,85000.00,-560902.00
01-04-2026,POS DMART POWAI MUMBAI CARD XX4999,400000666,01-04-2026,349.00,,-561251.00
01-04-2026,UPI-PHONEPE-MERCHANT 000667,400000667,01-04-2026,99.00,,-561350.00
01-04-2026,UPI-PHONEPE-MERCHANT 000668,400000668,01-04-2026,1299.00,,-562649.00
01-04-2026,UPI-PHONEPE-MERCHANT 000669,400000669,01-04-2026,199.00,,-562848.00
02-04-2026,ECOM FLIPKART.COM CARD XXXX1234 TXN000670,400000670,02-04-2026,2500.00,,-565348.00
02-04-2026,ECOM FLIPKART.COM CARD XXXX1234 TXN000671,400000671,02-04-2026,2500.00,,-567848.00
02-04-2026,UPI-PHONEPE-MERCHANT 000672,400000672,02-04-2026,349.00,,-568197.00
02-04-2026,UPI-PHONEPE-MERCHANT 000673,400000673,02-04-2026,149.00,,-568346.00
02-04-2026,UPI-PHONEPE-MERCHANT 000674,400000674,02-04-2026,99.00,,-568445.00
02-04-2026,UPI-PHONEPE-MERCHANT 000675,400000675,02-04-2026,349.00,,-568794.00
03-04-2026,UPI-PHONEPE-MERCHANT 000676,400000676,03-04-2026,99.00,,-568893.00
03-04-2026,UPI-PHONEPE-MERCHANT 000677,400000677,03-04-2026,1299.00,,-570192.00
03-04-2026,UPI-PHONEPE-MERCHANT 000678,400000678,03-04-2026,299.00,,-570491.00
03-04-2026,UPI-ZOMATO-UPI/400000679/Food Order,400000679,03-04-2026,1899.00,,-572390.00
04-04-2026,POS DMART POWAI MUMBAI CARD XX6694,400000680,04-04-2026,99.00,,-572489.00
04-04-2026,UPI-PHONEPE-MERCHANT 000681,400000681,04-04-2026,49.00,,-572538.00
04-04-2026,UPI-PHONEPE-MERCHANT 000682,400000682,04-04-2026,2499.00,,-575037.00
04-04-2026,UPI-PHONEPE-MERCHANT 000683,400000683,04-04-2026,1899.00,,-576936.00
05-04-2026,UPI-PHONEPE-MERCHANT 000684,400000684,05-04-2026,199.00,,-577135.00
05-04-2026,POS DMART POWAI MUMBAI CARD XX2607,400000685,05-04-2026,249.00,,-577384.00
05-04-2026,UPI-PHONEPE-MERCHANT 000686,400000686,05-04-2026,49.00,,-577433.00
05-04-2026,NEFT OUTWARD-LANDLORD-RENT-N000687,400000687,05-04-2026,18000.00,,-595433.00
05-04-2026,UPI-PHONEPE-MERCHANT 000688,400000688,05-04-2026,99.00,,-595532.00
06-04-2026,UPI-PHONEPE-MERCHANT 000689,400000689,06-04-2026,1299.00,,-596831.00
06-04-2026,UPI-PHONEPE-MERCHANT 000690,400000690,06-04-2026,499.00,,-597330.00
06-04-2026,UPI-PHONEPE-MERCHANT 000691,400000691,06-04-2026,799.00,,-598129.00
06-04-2026,UPI-PHONEPE-MERCHANT 000692,400000692,06-04-2026,149.00,,-598278.00
07-04-2026,UPI-PHONEPE-MERCHANT 000693,400000693,07-04-2026,49.00,,-598327.00
07-04-2026,UPI-PHONEPE-MERCHANT 000694,400000694,07-04-2026,149.00,,-598476.00
07-04-2026,UPI-PHONEPE-MERCHANT 000695,400000695,07-04-2026,499.00,,-598975.00
07-04-2026,UPI-PHONEPE-MERCHANT 000696,400000696,07-04-2026,499.00,,-599474.00
08-04-2026,UPI-PHONEPE-MERCHANT 000697,400000697,08-04-2026,799.00,,-600273.00
08-04-2026,BBPS-ACT FIBERNET-INTERNET-REF000698,400000698,08-04-2026,999.00,,-601272.00
08-04-2026,UPI-PHONEPE-MERCHANT 000699,400000699,08-04-2026,149.00,,-601421.00
08-04-2026,UPI-PHONEPE-MERCHANT 000700,400000700,08-04-2026,1299.00,,-602720.00
08-04-2026,UPI-PHONEPE-MERCHANT 000701,400000701,08-04-2026,499.00,,-603219.00
09-04-2026,UPI-PHONEPE-MERCHANT 000702,400000702,09-04-2026,349.00,,-603568.00
09-04-2026,UPI-PHONEPE-MERCHANT 000703,400000703,09-04-2026,149.00,,-603717.00
09-04-2026,UPI-PHONEPE-MERCHANT 000704,400000704,09-04-2026,799.00,,-604516.00
09-04-2026,UPI-PHONEPE-JIO RECHARGE 399,400000705,09-04-2026,1899.00,,-606415.00
10-04-2026,UPI-SWIGGY-UPI/6677889900/SWIGGY/Payment,400000706,10-04-2026,120.00,,-606535.00
10-04-2026,UPI-SWIGGY-UPI/6677889901/SWIGGY/Payment,400000707,10-04-2026,137.00,,-606672.00
10-04-2026,UPI-SWIGGY-UPI/6677889902/SWIGGY/Payment,400000708,10-04-2026,154.00,,-606826.00
10-04-2026,UPI-SWIGGY-UPI/6677889903/SWIGGY/Payment,400000709,10-04-2026,171.00,,-606997.00
10-04-2026,UPI-SWIGGY-UPI/6677889904/SWIGGY/Payment,400000710,10-04-2026,188.00,,-607185.00
10-04-2026,UPI-PHONEPE-MERCHANT 000711,400000711,10-04-2026,99.00,,-607284.00
10-04-2026,BBPS-TATA POWER-BILL PAYMENT-REF000712,400000712,10-04-2026,2213.00,,-609497.00
10-04-2026,POS DMART POWAI MUMBAI CARD XX9136,400000713,10-04-2026,1299.00,,-610796.00
10-04-2026,UPI-PHONEPE-MERCHANT 000714,400000714,10-04-2026,1299.00,,-612095.00
10-04-2026,UPI-PHONEPE-MERCHANT 000715,400000715,10-04-2026,149.00,,-612244.00
11-04-2026,UPI-PHONEPE-MERCHANT 000716,400000716,11-04-2026,99.00,,-612343.00
11-04-2026,UPI-PHONEPE-MERCHANT 000717,400000717,11-04-2026,249.00,,-612592.00
11-04-2026,UPI-PHONEPE-MERCHANT 000718,400000718,11-04-2026,499.00,,-613091.00
11-04-2026,UPI-PHONEPE-MERCHANT 000719,400000719,11-04-2026,799.00,,-613890.00
12-04-2026,UPI-NETFLIX-UPI/998877665544/NETFLIX/Payment,400000720,12-04-2026,499.00,,-614389.00
12-04-2026,UPI-PHONEPE-MERCHANT 000721,400000721,12-04-2026,499.00,,-614888.00
12-04-2026,UPI-ZOMATO-UPI/400000722/Food Order,400000722,12-04-2026,799.00,,-615687.00
12-04-2026,UPI-PHONEPE-MERCHANT 000723,400000723,12-04-2026,299.00,,-615986.00
12-04-2026,UPI-PHONEPE-MERCHANT 000724,400000724,12-04-2026,99.00,,-616085.00
13-04-2026,ECOM AMAZON.IN CARD XXXX1234 TXN233349,400000725,13-04-2026,349.00,,-616434.00
13-04-2026,UPI-PHONEPE-MERCHANT 000726,400000726,13-04-2026,349.00,,-616783.00
13-04-2026,UPI-PHONEPE-MERCHANT 000727,400000727,13-04-2026,299.00,,-617082.00
13-04-2026,UPI-PHONEPE-MERCHANT 000728,400000728,13-04-2026,199.00,,-617281.00
14-04-2026,UPI-PHONEPE-MERCHANT 000729,400000729,14-04-2026,799.00,,-618080.00
14-04-2026,UPI-PHONEPE-MERCHANT 000730,400000730,14-04-2026,299.00,,-618379.00
14-04-2026,UPI-PHONEPE-MERCHANT 000731,400000731,14-04-2026,349.00,,-618728.00
14-04-2026,UPI-PHONEPE-MERCHANT 000732,400000732,14-04-2026,299.00,,-619027.00
15-04-2026,POS DMART POWAI MUMBAI CARD XX3584,400000733,15-04-2026,149.00,,-619176.00
15-04-2026,UPI-SPOTIFY-UPI/887766554433/Music/Payment,400000734,15-04-2026,119.00,,-619295.00
15-04-2026,UPI-PAYTM-AIRTEL RECHARGE 799,400000735,15-04-2026,99.00,,-619394.00
15-04-2026,UPI-PHONEPE-MERCHANT 000736,400000736,15-04-2026,99.00,,-619493.00
15-04-2026,UPI-PHONEPE-JIO RECHARGE 399,400000737,15-04-2026,799.00,,-620292.00
16-04-2026,UPI-PHONEPE-MERCHANT 000738,400000738,16-04-2026,799.00,,-621091.00
16-04-2026,UPI-SWIGGY-UPI/400000739/SWIGGY/Payment,400000739,16-04-2026,1299.00,,-622390.00
16-04-2026,UPI-PHONEPE-JIO RECHARGE 399,400000740,16-04-2026,2499.00,,-624889.00
16-04-2026,UPI-PHONEPE-MERCHANT 000741,400000741,16-04-2026,199.00,,-625088.00
17-04-2026,UPI-PHONEPE-MERCHANT 000742,400000742,17-04-2026,49.00,,-625137.00
17-04-2026,UPI-PHONEPE-MERCHANT 000743,400000743,17-04-2026,2499.00,,-627636.00
17-04-2026,UPI-PHONEPE-MERCHANT 000744,400000744,17-04-2026,199.00,,-627835.00
17-04-2026,UPI-PHONEPE-MERCHANT 000745,400000745,17-04-2026,2499.00,,-630334.00
17-04-2026,UPI-PHONEPE-MERCHANT 000746,400000746,17-04-2026,2499.00,,-632833.00
18-04-2026,UPI-PHONEPE-MERCHANT 000747,400000747,18-04-2026,2499.00,,-635332.00
18-04-2026,UPI-PHONEPE-MERCHANT 000748,400000748,18-04-2026,2499.00,,-637831.00
18-04-2026,UPI-PHONEPE-MERCHANT 000749,400000749,18-04-2026,499.00,,-638330.00
18-04-2026,UPI-PHONEPE-MERCHANT 000750,400000750,18-04-2026,299.00,,-638629.00
18-04-2026,UPI-PHONEPE-AMAZON PRIME 299,400000751,18-04-2026,299.00,,-638928.00
19-04-2026,UPI-PHONEPE-MERCHANT 000752,400000752,19-04-2026,149.00,,-639077.00
19-04-2026,UPI-PHONEPE-MERCHANT 000753,400000753,19-04-2026,2499.00,,-641576.00
19-04-2026,UPI-PHONEPE-JIO RECHARGE 399,400000754,19-04-2026,349.00,,-641925.00
19-04-2026,UPI-PHONEPE-MERCHANT 000755,400000755,19-04-2026,299.00,,-642224.00
20-04-2026,UPI-PAYTM-HOTSTAR 299,400000756,20-04-2026,299.00,,-642523.00
20-04-2026,UPI-PHONEPE-MERCHANT 000757,400000757,20-04-2026,1899.00,,-644422.00
20-04-2026,UPI-PHONEPE-MERCHANT 000758,400000758,20-04-2026,1299.00,,-645721.00
20-04-2026,UPI-PHONEPE-MERCHANT 000759,400000759,20-04-2026,2499.00,,-648220.00
20-04-2026,UPI-PHONEPE-MERCHANT 000760,400000760,20-04-2026,49.00,,-648269.00
21-04-2026,POS DMART POWAI MUMBAI CARD XX6819,400000761,21-04-2026,149.00,,-648418.00
21-04-2026,UPI-PHONEPE-MERCHANT 000762,400000762,21-04-2026,1899.00,,-650317.00
21-04-2026,UPI-PHONEPE-MERCHANT 000763,400000763,21-04-2026,199.00,,-650516.00
21-04-2026,UPI-PHONEPE-MERCHANT 000764,400000764,21-04-2026,199.00,,-650715.00
22-04-2026,UPI-PHONEPE-MERCHANT 000765,400000765,22-04-2026,799.00,,-651514.00
22-04-2026,ECOM AMAZON.IN CARD XXXX1234 TXN679628,400000766,22-04-2026,1299.00,,-652813.00
22-04-2026,ECOM AMAZON.IN CARD XXXX1234 TXN806317,400000767,22-04-2026,249.00,,-653062.00
22-04-2026,UPI-PHONEPE-MERCHANT 000768,400000768,22-04-2026,2499.00,,-655561.00
23-04-2026,UPI-PHONEPE-MERCHANT 000769,400000769,23-04-2026,499.00,,-656060.00
23-04-2026,UPI-PHONEPE-MERCHANT 000770,400000770,23-04-2026,799.00,,-656859.00
23-04-2026,UPI-PHONEPE-MERCHANT 000771,400000771,23-04-2026,1299.00,,-658158.00
23-04-2026,UPI-PHONEPE-MERCHANT 000772,400000772,23-04-2026,349.00,,-658507.00
24-04-2026,UPI-PHONEPE-MERCHANT 000773,400000773,24-04-2026,799.00,,-659306.00
24-04-2026,ECOM AMAZON.IN CARD XXXX1234 TXN776010,400000774,24-04-2026,499.00,,-659805.00
24-04-2026,UPI-PHONEPE-MERCHANT 000775,400000775,24-04-2026,499.00,,-660304.00
24-04-2026,UPI-SWIGGY-UPI/400000776/SWIGGY/Payment,400000776,24-04-2026,1299.00,,-661603.00
25-04-2026,UPI-PHONEPE-MERCHANT 000777,400000777,25-04-2026,49.00,,-661652.00
25-04-2026,UPI-PHONEPE-MERCHANT 000778,400000778,25-04-2026,799.00,,-662451.00
25-04-2026,UPI-SWIGGY-UPI/400000779/SWIGGY/Payment,400000779,25-04-2026,149.00,,-662600.00
25-04-2026,UPI-PHONEPE-MERCHANT 000780,400000780,25-04-2026,1899.00,,-664499.00
26-04-2026,ECOM AMAZON.IN CARD XXXX1234 TXN207084,400000781,26-04-2026,249.00,,-664748.00
26-04-2026,UPI-PHONEPE-MERCHANT 000782,400000782,26-04-2026,2499.00,,-667247.00
26-04-2026,UPI-PHONEPE-MERCHANT 000783,400000783,26-04-2026,799.00,,-668046.00
26-04-2026,UPI-ZOMATO-UPI/400000784/Food Order,400000784,26-04-2026,99.00,,-668145.00
27-04-2026,UPI-PHONEPE-MERCHANT 000785,400000785,27-04-2026,99.00,,-668244.00
27-04-2026,UPI-PHONEPE-MERCHANT 000786,400000786,27-04-2026,349.00,,-668593.00
27-04-2026,UPI-PHONEPE-MERCHANT 000787,400000787,27-04-2026,49.00,,-668642.00
27-04-2026,UPI-PHONEPE-MERCHANT 000788,400000788,27-04-2026,199.00,,-668841.00
28-04-2026,UPI-PHONEPE-MERCHANT 000789,400000789,28-04-2026,499.00,,-669340.00
28-04-2026,UPI-PHONEPE-MERCHANT 000790,400000790,28-04-2026,799.00,,-670139.00
28-04-2026,UPI-SWIGGY-UPI/400000791/SWIGGY/Payment,400000791,28-04-2026,1899.00,,-672038.00
28-04-2026,UPI-PHONEPE-MERCHANT 000792,400000792,28-04-2026,49.00,,-672087.00
29-04-2026,UPI-PHONEPE-MERCHANT 000793,400000793,29-04-2026,49.00,,-672136.00
29-04-2026,POS DMART POWAI MUMBAI CARD XX5362,400000794,29-04-2026,799.00,,-672935.00
29-04-2026,UPI-PHONEPE-MERCHANT 000795,400000795,29-04-2026,799.00,,-673734.00
29-04-2026,UPI-PHONEPE-MERCHANT 000796,400000796,29-04-2026,349.00,,-674083.00
30-04-2026,UPI-PHONEPE-MERCHANT 000797,400000797,30-04-2026,799.00,,-674882.00
30-04-2026,UPI-PHONEPE-MERCHANT 000798,400000798,30-04-2026,499.00,,-675381.00
30-04-2026,UPI-PAYTM-AIRTEL RECHARGE 799,400000799,30-04-2026,799.00,,-676180.00
30-04-2026,UPI-PHONEPE-MERCHANT 000800,400000800,30-04-2026,499.00,,-676679.00
