Transaction Date,Value Date,Description,Cheque Number,Withdrawal Amount (INR),Deposit Amount (INR),Available Balance (INR)
01-11-2025,01-11-2025,NEFT CR ABC TECHNOLOGIES PVT LTD SALARY NOV25,300000001,,85000.00,147000.00
01-11-2025,01-11-2025,POS 407992 RELIANCE FRESH MUMBAI CARD XX4501,,2499.00,,144501.00
01-11-2025,01-11-2025,POS 347170 DMART POWAI MUMBAI CARD XX4633,,149.00,,144352.00
01-11-2025,01-11-2025,POS 200717 RELIANCE FRESH MUMBAI CARD XX3612,,199.00,,144153.00
01-11-2025,01-11-2025,UPI/DR/300000005/UBER/merch@ybl/Payment,,1299.00,,142854.00
02-11-2025,02-11-2025,POS 184729 RELIANCE FRESH MUMBAI CARD XX1152,,99.00,,142755.00
02-11-2025,02-11-2025,UPI/DR/300000007/AIRTEL/merch@ybl/Payment,,199.00,,142556.00
02-11-2025,02-11-2025,UPI/DR/300000008/BMS/merch@ybl/Payment,,2499.00,,140057.00
02-11-2025,02-11-2025,UPI/DR/300000009/BMS/merch@ybl/Payment,,199.00,,139858.00
03-11-2025,03-11-2025,ECOM AMAZON.IN CARD XXXX3200,,2499.00,,137359.00
03-11-2025,03-11-2025,POS 806614 RELIANCE FRESH MUMBAI CARD XX7481,,2499.00,,134860.00
03-11-2025,03-11-2025,POS 842951 DMART POWAI MUMBAI CARD XX8952,,199.00,,134661.00
03-11-2025,03-11-2025,POS 307734 RELIANCE FRESH MUMBAI CARD XX9190,,499.00,,134162.00
04-11-2025,04-11-2025,POS 506808 RELIANCE FRESH MUMBAI CARD XX5400,,799.00,,133363.00
04-11-2025,04-11-2025,POS 384652 DMART POWAI MUMBAI CARD XX8865,,49.00,,133314.00
04-11-2025,04-11-2025,POS 965215 RELIANCE FRESH MUMBAI CARD XX9394,,2499.00,,130815.00
04-11-2025,04-11-2025,UPI/DR/300000017/NETMEDS/merch@ybl/Payment,,149.00,,130666.00
05-11-2025,05-11-2025,POS 210979 RELIANCE FRESH MUMBAI CARD XX7234,,499.00,,130167.00
05-11-2025,05-11-2025,POS 847719 RELIANCE FRESH MUMBAI CARD XX8136,,249.00,,129918.00
05-11-2025,05-11-2025,NEFT DR-SBIN0012345-KUMAR-RENT NOV25-N300000020,300000020,18000.00,,111918.00
05-11-2025,05-11-2025,UPI/DR/300000021/JIO/merch@ybl/Payment,,99.00,,111819.00
05-11-2025,05-11-2025,UPI/DR/300000022/UBER/merch@ybl/Payment,,349.00,,111470.00
06-11-2025,06-11-2025,POS 658473 RELIANCE FRESH MUMBAI CARD XX9630,,2499.00,,108971.00
06-11-2025,06-11-2025,POS 186012 RELIANCE FRESH MUMBAI CARD XX6963,,1299.00,,107672.00
06-11-2025,06-11-2025,POS 921827 RELIANCE FRESH MUMBAI CARD XX5932,,249.00,,107423.00
06-11-2025,06-11-2025,UPI/DR/300000026/PE/merch@ybl/Payment,,1899.00,,105524.00
07-11-2025,07-11-2025,POS 447265 RELIANCE FRESH MUMBAI CARD XX5593,,349.00,,105175.00
07-11-2025,07-11-2025,POS 480537 RELIANCE FRESH MUMBAI CARD XX8952,,249.00,,104926.00
07-11-2025,07-11-2025,UPI/DR/300000029/ZOMATO/zomato@paytm/Food,,799.00,,104127.00
07-11-2025,07-11-2025,UPI/DR/300000030/NETMEDS/merch@ybl/Payment,,1299.00,,102828.00
07-11-2025,07-11-2025,UPI/DR/300000031/VI/merch@ybl/Payment,,249.00,,102579.00
08-11-2025,08-11-2025,POS 947706 RELIANCE FRESH MUMBAI CARD XX3532,,1899.00,,100680.00
08-11-2025,08-11-2025,UPI/DR/887766554433/ACT FIBERNET/act@axis/Internet,,999.00,,99681.00
08-11-2025,08-11-2025,POS 735018 DMART POWAI MUMBAI CARD XX5925,,49.00,,99632.00
08-11-2025,08-11-2025,POS 714252 RELIANCE FRESH MUMBAI CARD XX8124,,49.00,,99583.00
08-11-2025,08-11-2025,POS 298178 RELIANCE FRESH MUMBAI CARD XX8656,,149.00,,99434.00
09-11-2025,09-11-2025,POS 453638 RELIANCE FRESH MUMBAI CARD XX9795,,1299.00,,98135.00
09-11-2025,09-11-2025,POS 989332 RELIANCE FRESH MUMBAI CARD XX4819,,1299.00,,96836.00
09-11-2025,09-11-2025,UPI/DR/300000039/AMZ/merch@ybl/Payment,,199.00,,96637.00
09-11-2025,09-11-2025,UPI/DR/300000040/VI/merch@ybl/Payment,,149.00,,96488.00
10-11-2025,10-11-2025,POS 551936 RELIANCE FRESH MUMBAI CARD XX2951,,99.00,,96389.00
10-11-2025,10-11-2025,UPI/DR/776655443322/ADANI ELECTRICITY/adani@ybl/Bill,,3134.00,,93255.00
10-11-2025,10-11-2025,POS 494098 RELIANCE FRESH MUMBAI CARD XX8940,,1899.00,,91356.00
10-11-2025,10-11-2025,UPI/DR/300000044/NETMEDS/merch@ybl/Payment,,499.00,,90857.00
10-11-2025,10-11-2025,UPI/DR/300000045/VI/merch@ybl/Payment,,49.00,,90808.00
11-11-2025,11-11-2025,POS 113546 RELIANCE FRESH MUMBAI CARD XX7113,,299.00,,90509.00
11-11-2025,11-11-2025,UPI/DR/300000047/AMZ/merch@ybl/Payment,,799.00,,89710.00
11-11-2025,11-11-2025,UPI/DR/300000048/BB/merch@ybl/Payment,,1899.00,,87811.00
11-11-2025,11-11-2025,UPI/DR/300000049/OLA/merch@ybl/Payment,,1899.00,,85912.00
12-11-2025,12-11-2025,UPI/DR/665544332211/NETFLIX/netflix@icici/OTT,,499.00,,85413.00
12-11-2025,12-11-2025,POS 336709 RELIANCE FRESH MUMBAI CARD XX1146,,499.00,,84914.00
12-11-2025,12-11-2025,POS 487312 RELIANCE FRESH MUMBAI CARD XX6112,,149.00,,84765.00
12-11-2025,12-11-2025,POS 752305 RELIANCE FRESH MUMBAI CARD XX6850,,349.00,,84416.00
12-11-2025,12-11-2025,UPI/DR/300000054/BB/merch@ybl/Payment,,299.00,,84117.00
13-11-2025,13-11-2025,POS 384226 RELIANCE FRESH MUMBAI CARD XX8808,,2499.00,,81618.00
13-11-2025,13-11-2025,POS 571114 RELIANCE FRESH MUMBAI CARD XX3086,,49.00,,81569.00
13-11-2025,13-11-2025,UPI/DR/300000057/PE/merch@ybl/Payment,,299.00,,81270.00
13-11-2025,13-11-2025,UPI/DR/300000058/UBER/merch@ybl/Payment,,299.00,,80971.00
14-11-2025,14-11-2025,POS 855825 DMART POWAI MUMBAI CARD XX2068,,1299.00,,79672.00
14-11-2025,14-11-2025,POS 607306 RELIANCE FRESH MUMBAI CARD XX3082,,249.00,,79423.00
14-11-2025,14-11-2025,UPI/DR/300000061/RAP/merch@ybl/Payment,,349.00,,79074.00
14-11-2025,14-11-2025,UPI/DR/300000062/VI/merch@ybl/Payment,,1899.00,,77175.00
15-11-2025,15-11-2025,POS 355158 RELIANCE FRESH MUMBAI CARD XX2044,,349.00,,76826.00
15-11-2025,15-11-2025,ECOM AMAZON.IN CARD XXXX5553,,249.00,,76577.00
15-11-2025,15-11-2025,POS 479191 RELIANCE FRESH MUMBAI CARD XX8522,,349.00,,76228.00
15-11-2025,15-11-2025,POS 729476 RELIANCE FRESH MUMBAI CARD XX9857,,299.00,,75929.00
15-11-2025,15-11-2025,UPI/DR/554433221100/SPOTIFY/spotify@paytm/Music,,119.00,,75810.00
16-11-2025,16-11-2025,POS 548386 RELIANCE FRESH MUMBAI CARD XX1871,,1899.00,,73911.00
16-11-2025,16-11-2025,UPI/DR/300000069/BMS/merch@ybl/Payment,,149.00,,73762.00
16-11-2025,16-11-2025,UPI/DR/300000070/SWIGGY/swiggy@ybl/Food,,99.00,,73663.00
16-11-2025,16-11-2025,UPI/DR/300000071/UBER/merch@ybl/Payment,,499.00,,73164.00
17-11-2025,17-11-2025,POS 135705 RELIANCE FRESH MUMBAI CARD XX4581,,149.00,,73015.00
17-11-2025,17-11-2025,POS 235895 RELIANCE FRESH MUMBAI CARD XX4340,,2499.00,,70516.00
17-11-2025,17-11-2025,POS 136439 RELIANCE FRESH MUMBAI CARD XX9133,,1299.00,,69217.00
17-11-2025,17-11-2025,UPI/DR/300000075/PE/merch@ybl/Payment,,49.00,,69168.00
18-11-2025,18-11-2025,UPI/DR/221100998877/CRYPTOX EXCHANGE DUBAI/cryptox@ybl/Payment,,52000.00,,17168.00
18-11-2025,18-11-2025,ECOM AMAZON.IN CARD XXXX6581,,1899.00,,15269.00
18-11-2025,18-11-2025,POS 742370 RELIANCE FRESH MUMBAI CARD XX4114,,1299.00,,13970.00
18-11-2025,18-11-2025,UPI/DR/443322110099/AMAZON PAY/amazonpay@icici/Prime,,299.00,,13671.00
18-11-2025,18-11-2025,UPI/DR/300000080/SWIGGY/swiggy@ybl/Food,,1899.00,,11772.00
18-11-2025,18-11-2025,UPI/DR/300000081/VI/merch@ybl/Payment,,99.00,,11673.00
19-11-2025,19-11-2025,ECOM AMAZON.IN CARD XXXX7518,,2499.00,,9174.00
19-11-2025,19-11-2025,POS 998377 RELIANCE FRESH MUMBAI CARD XX4307,,149.00,,9025.00
19-11-2025,19-11-2025,UPI/DR/300000084/JIO/merch@ybl/Payment,,49.00,,8976.00
19-11-2025,19-11-2025,UPI/DR/300000085/OLA/merch@ybl/Payment,,799.00,,8177.00
20-11-2025,20-11-2025,UPI/DR/332211009988/HOTSTAR/hotstar@paytm/Video,,299.00,,7878.00
20-11-2025,20-11-2025,POS 166325 DMART POWAI MUMBAI CARD XX5838,,349.00,,7529.00
20-11-2025,20-11-2025,POS 383025 RELIANCE FRESH MUMBAI CARD XX4835,,249.00,,7280.00
20-11-2025,20-11-2025,POS 394239 RELIANCE FRESH MUMBAI CARD XX9916,,99.00,,7181.00
20-11-2025,20-11-2025,UPI/DR/300000090/NETMEDS/merch@ybl/Payment,,249.00,,6932.00
21-11-2025,21-11-2025,POS 224334 RELIANCE FRESH MUMBAI CARD XX9299,,299.00,,6633.00
21-11-2025,21-11-2025,POS 487587 RELIANCE FRESH MUMBAI CARD XX4887,,499.00,,6134.00
21-11-2025,21-11-2025,POS 266622 RELIANCE FRESH MUMBAI CARD XX1329,,349.00,,5785.00
21-11-2025,21-11-2025,UPI/DR/300000094/AMZ/merch@ybl/Payment,,299.00,,5486.00
22-11-2025,22-11-2025,POS 408438 RELIANCE FRESH MUMBAI CARD XX4807,,349.00,,5137.00
22-11-2025,22-11-2025,POS 634770 DMART POWAI MUMBAI CARD XX2574,,1899.00,,3238.00
22-11-2025,22-11-2025,POS 760151 RELIANCE FRESH MUMBAI CARD XX9852,,249.00,,2989.00
22-11-2025,22-11-2025,POS 527086 RELIANCE FRESH MUMBAI CARD XX4679,,1899.00,,1090.00
22-11-2025,22-11-2025,POS 979636 RELIANCE FRESH MUMBAI CARD XX3868,,499.00,,591.00
23-11-2025,23-11-2025,POS 591715 RELIANCE FRESH MUMBAI CARD XX6488,,1299.00,,-708.00
23-11-2025,23-11-2025,POS 242676 RELIANCE FRESH MUMBAI CARD XX7877,,799.00,,-1507.00
23-11-2025,23-11-2025,UPI/DR/300000102/BB/merch@ybl/Payment,,499.00,,-2006.00
23-11-2025,23-11-2025,UPI/DR/300000103/ZOMATO/zomato@paytm/Food,,149.00,,-2155.00
24-11-2025,24-11-2025,POS 240242 DMART POWAI MUMBAI CARD XX5633,,299.00,,-2454.00
24-11-2025,24-11-2025,POS 950184 RELIANCE FRESH MUMBAI CARD XX1938,,299.00,,-2753.00
24-11-2025,24-11-2025,POS 212474 RELIANCE FRESH MUMBAI CARD XX5507,,99.00,,-2852.00
24-11-2025,24-11-2025,UPI/DR/300000107/VI/merch@ybl/Payment,,299.00,,-3151.00
25-11-2025,25-11-2025,POS 734266 RELIANCE FRESH MUMBAI CARD XX7358,,499.00,,-3650.00
25-11-2025,25-11-2025,POS 419491 RELIANCE FRESH MUMBAI CARD XX2382,,99.00,,-3749.00
25-11-2025,25-11-2025,POS 205745 RELIANCE FRESH MUMBAI CARD XX4373,,299.00,,-4048.00
25-11-2025,25-11-2025,UPI/DR/300000111/BB/merch@ybl/Payment,,149.00,,-4197.00
26-11-2025,26-11-2025,POS 277408 RELIANCE FRESH MUMBAI CARD XX7716,,99.00,,-4296.00
26-11-2025,26-11-2025,POS 323016 RELIANCE FRESH MUMBAI CARD XX8460,,2499.00,,-6795.00
26-11-2025,26-11-2025,POS 598301 RELIANCE FRESH MUMBAI CARD XX6937,,1899.00,,-8694.00
26-11-2025,26-11-2025,UPI/DR/300000115/BB/merch@ybl/Payment,,99.00,,-8793.00
27-11-2025,27-11-2025,IMPS-OUT-998877665544-OFFSHORE TEST-HDFC,300000116,89000.00,,-97793.00
27-11-2025,27-11-2025,POS 149406 RELIANCE FRESH MUMBAI CARD XX1092,,499.00,,-98292.00
27-11-2025,27-11-2025,POS 312126 RELIANCE FRESH MUMBAI CARD XX9374,,149.00,,-98441.00
27-11-2025,27-11-2025,UPI/DR/300000119/BB/merch@ybl/Payment,,49.00,,-98490.00
27-11-2025,27-11-2025,UPI/DR/300000120/NETMEDS/merch@ybl/Payment,,299.00,,-98789.00
28-11-2025,28-11-2025,UPI/DR/300000121/SWIGGY/swiggy@ybl/Food,,249.00,,-99038.00
28-11-2025,28-11-2025,UPI/DR/300000122/JIO/merch@ybl/Payment,,349.00,,-99387.00
28-11-2025,28-11-2025,UPI/DR/300000123/OLA/merch@ybl/Payment,,499.00,,-99886.00
28-11-2025,28-11-2025,UPI/DR/300000124/RAP/merch@ybl/Payment,,349.00,,-100235.00
29-11-2025,29-11-2025,ECOM AMAZON.IN CARD XXXX5078,,2499.00,,-102734.00
29-11-2025,29-11-2025,POS 263020 RELIANCE FRESH MUMBAI CARD XX7434,,249.00,,-102983.00
29-11-2025,29-11-2025,POS 628298 RELIANCE FRESH MUMBAI CARD XX9407,,1899.00,,-104882.00
29-11-2025,29-11-2025,UPI/DR/300000128/JIO/merch@ybl/Payment,,99.00,,-104981.00
30-11-2025,30-11-2025,POS 941089 RELIANCE FRESH MUMBAI CARD XX3643,,249.00,,-105230.00
30-11-2025,30-11-2025,POS 770458 DMART POWAI MUMBAI CARD XX9171,,49.00,,-105279.00
30-11-2025,30-11-2025,POS 249062 RELIANCE FRESH MUMBAI CARD XX7807,,299.00,,-105578.00
30-11-2025,30-11-2025,UPI/DR/300000132/ZOMATO/zomato@paytm/Food,,499.00,,-106077.00
01-12-2025,01-12-2025,NEFT CR ABC TECHNOLOGIES PVT LTD SALARY DEC25,300000133,,85000.00,-21077.00
01-12-2025,01-12-2025,POS 648043 RELIANCE FRESH MUMBAI CARD XX7763,,249.00,,-21326.00
01-12-2025,01-12-2025,POS 628243 RELIANCE FRESH MUMBAI CARD XX6002,,299.00,,-21625.00
01-12-2025,01-12-2025,UPI/DR/300000136/BB/merch@ybl/Payment,,299.00,,-21924.00
01-12-2025,01-12-2025,UPI/DR/300000137/SWIGGY/swiggy@ybl/Food,,1299.00,,-23223.00
01-12-2025,01-12-2025,UPI/DR/300000138/OLA/merch@ybl/Payment,,199.00,,-23422.00
02-12-2025,02-12-2025,POS 210970 RELIANCE FRESH MUMBAI CARD XX6503,,2499.00,,-25921.00
02-12-2025,02-12-2025,POS 800861 RELIANCE FRESH MUMBAI CARD XX9971,,1899.00,,-27820.00
02-12-2025,02-12-2025,POS 446240 DMART POWAI MUMBAI CARD XX3418,,1299.00,,-29119.00
02-12-2025,02-12-2025,UPI/DR/300000142/BMS/merch@ybl/Payment,,199.00,,-29318.00
03-12-2025,03-12-2025,UPI/DR/110099887766/BINANCE INT/binance@ibl/Payment,,48000.00,,-77318.00
03-12-2025,03-12-2025,POS 346337 RELIANCE FRESH MUMBAI CARD XX8112,,299.00,,-77617.00
03-12-2025,03-12-2025,POS 730575 RELIANCE FRESH MUMBAI CARD XX5021,,299.00,,-77916.00
03-12-2025,03-12-2025,POS 229290 RELIANCE FRESH MUMBAI CARD XX2400,,349.00,,-78265.00
03-12-2025,03-12-2025,POS 963663 RELIANCE FRESH MUMBAI CARD XX5107,,149.00,,-78414.00
04-12-2025,04-12-2025,ECOM AMAZON.IN CARD XXXX8666,,2499.00,,-80913.00
04-12-2025,04-12-2025,POS 571526 RELIANCE FRESH MUMBAI CARD XX6631,,499.00,,-81412.00
04-12-2025,04-12-2025,POS 502672 RELIANCE FRESH MUMBAI CARD XX5481,,1299.00,,-82711.00
04-12-2025,04-12-2025,UPI/DR/300000151/BB/merch@ybl/Payment,,199.00,,-82910.00
04-12-2025,04-12-2025,UPI/DR/300000152/RAP/merch@ybl/Payment,,2499.00,,-85409.00
05-12-2025,05-12-2025,POS 396022 RELIANCE FRESH MUMBAI CARD XX4237,,99.00,,-85508.00
05-12-2025,05-12-2025,POS 878346 RELIANCE FRESH MUMBAI CARD XX1159,,1899.00,,-87407.00
05-12-2025,05-12-2025,POS 750615 RELIANCE FRESH MUMBAI CARD XX7211,,1299.00,,-88706.00
05-12-2025,05-12-2025,NEFT DR-SBIN0012345-KUMAR-RENT DEC25-N300000156,300000156,18000.00,,-106706.00
05-12-2025,05-12-2025,UPI/DR/300000157/NETMEDS/merch@ybl/Payment,,1299.00,,-108005.00
06-12-2025,06-12-2025,POS 534648 RELIANCE FRESH MUMBAI CARD XX1722,,799.00,,-108804.00
06-12-2025,06-12-2025,POS 272378 RELIANCE FRESH MUMBAI CARD XX4445,,49.00,,-108853.00
06-12-2025,06-12-2025,POS 851366 RELIANCE FRESH MUMBAI CARD XX2094,,349.00,,-109202.00
06-12-2025,06-12-2025,POS 730974 RELIANCE FRESH MUMBAI CARD XX4500,,49.00,,-109251.00
07-12-2025,07-12-2025,POS 455215 RELIANCE FRESH MUMBAI CARD XX6584,,149.00,,-109400.00
07-12-2025,07-12-2025,POS 445815 RELIANCE FRESH MUMBAI CARD XX5713,,2499.00,,-111899.00
07-12-2025,07-12-2025,POS 734697 RELIANCE FRESH MUMBAI CARD XX6947,,49.00,,-111948.00
07-12-2025,07-12-2025,UPI/DR/300000165/OLA/merch@ybl/Payment,,2499.00,,-114447.00
08-12-2025,08-12-2025,UPI/DR/887766554433/ACT FIBERNET/act@axis/Internet,,999.00,,-115446.00
08-12-2025,08-12-2025,POS 175022 RELIANCE FRESH MUMBAI CARD XX2116,,99.00,,-115545.00
08-12-2025,08-12-2025,POS 655460 RELIANCE FRESH MUMBAI CARD XX3806,,2499.00,,-118044.00
08-12-2025,08-12-2025,UPI/DR/300000169/UBER/merch@ybl/Payment,,199.00,,-118243.00
08-12-2025,08-12-2025,UPI/DR/300000170/VI/merch@ybl/Payment,,199.00,,-118442.00
09-12-2025,09-12-2025,POS 979612 RELIANCE FRESH MUMBAI CARD XX9006,,2499.00,,-120941.00
09-12-2025,09-12-2025,POS 425137 RELIANCE FRESH MUMBAI CARD XX6308,,299.00,,-121240.00
09-12-2025,09-12-2025,UPI/DR/300000173/NETMEDS/merch@ybl/Payment,,1299.00,,-122539.00
09-12-2025,09-12-2025,UPI/DR/300000174/UBER/merch@ybl/Payment,,1299.00,,-123838.00
10-12-2025,10-12-2025,UPI/DR/776655443322/ADANI ELECTRICITY/adani@ybl/Bill,,2640.00,,-126478.00
10-12-2025,10-12-2025,POS 359892 RELIANCE FRESH MUMBAI CARD XX8601,,499.00,,-126977.00
10-12-2025,10-12-2025,POS 292573 RELIANCE FRESH MUMBAI CARD XX3215,,349.00,,-127326.00
10-12-2025,10-12-2025,POS 647295 RELIANCE FRESH MUMBAI CARD XX3220,,1899.00,,-129225.00
10-12-2025,10-12-2025,UPI/DR/300000179/ZOMATO/zomato@paytm/Food,,349.00,,-129574.00
11-12-2025,11-12-2025,POS 743951 RELIANCE FRESH MUMBAI CARD XX7772,,499.00,,-130073.00
11-12-2025,11-12-2025,UPI/DR/300000181/AIRTEL/merch@ybl/Payment,,149.00,,-130222.00
11-12-2025,11-12-2025,UPI/DR/300000182/BB/merch@ybl/Payment,,199.00,,-130421.00
11-12-2025,11-12-2025,UPI/DR/300000183/PE/merch@ybl/Payment,,349.00,,-130770.00
12-12-2025,12-12-2025,UPI/DR/665544332211/NETFLIX/netflix@icici/OTT,,499.00,,-131269.00
12-12-2025,12-12-2025,POS 947270 RELIANCE FRESH MUMBAI CARD XX1474,,1299.00,,-132568.00
12-12-2025,12-12-2025,POS 378669 RELIANCE FRESH MUMBAI CARD XX8245,,199.00,,-132767.00
12-12-2025,12-12-2025,UPI/DR/300000187/SWIGGY/swiggy@ybl/Food,,249.00,,-133016.00
12-12-2025,12-12-2025,UPI/DR/300000188/OLA/merch@ybl/Payment,,2499.00,,-135515.00
13-12-2025,13-12-2025,UPI/DR/300000189/AIRTEL/merch@ybl/Payment,,49.00,,-135564.00
13-12-2025,13-12-2025,UPI/DR/300000190/ZOMATO/zomato@paytm/Food,,99.00,,-135663.00
13-12-2025,13-12-2025,UPI/DR/300000191/ZOMATO/zomato@paytm/Food,,799.00,,-136462.00
13-12-2025,13-12-2025,UPI/DR/300000192/PE/merch@ybl/Payment,,249.00,,-136711.00
14-12-2025,14-12-2025,POS 666410 RELIANCE FRESH MUMBAI CARD XX5139,,2499.00,,-139210.00
14-12-2025,14-12-2025,POS 621773 RELIANCE FRESH MUMBAI CARD XX1121,,49.00,,-139259.00
14-12-2025,14-12-2025,UPI/DR/300000195/BMS/merch@ybl/Payment,,1299.00,,-140558.00
14-12-2025,14-12-2025,UPI/DR/300000196/VI/merch@ybl/Payment,,2499.00,,-143057.00
15-12-2025,15-12-2025,POS 185370 RELIANCE FRESH MUMBAI CARD XX8677,,1299.00,,-144356.00
15-12-2025,15-12-2025,UPI/DR/554433221100/SPOTIFY/spotify@paytm/Music,,119.00,,-144475.00
15-12-2025,15-12-2025,UPI/DR/300000199/BB/merch@ybl/Payment,,149.00,,-144624.00
15-12-2025,15-12-2025,UPI/DR/300000200/PE/merch@ybl/Payment,,149.00,,-144773.00
15-12-2025,15-12-2025,UPI/DR/300000201/VI/merch@ybl/Payment,,2499.00,,-147272.00
16-12-2025,16-12-2025,POS 770214 RELIANCE FRESH MUMBAI CARD XX1956,,149.00,,-147421.00
16-12-2025,16-12-2025,POS 437856 RELIANCE FRESH MUMBAI CARD XX8296,,2499.00,,-149920.00
16-12-2025,16-12-2025,POS 823901 RELIANCE FRESH MUMBAI CARD XX1909,,99.00,,-150019.00
16-12-2025,16-12-2025,UPI/DR/300000205/AMZ/merch@ybl/Payment,,299.00,,-150318.00
17-12-2025,17-12-2025,POS 433996 RELIANCE FRESH MUMBAI CARD XX8377,,49.00,,-150367.00
17-12-2025,17-12-2025,POS 967892 RELIANCE FRESH MUMBAI CARD XX9107,,2499.00,,-152866.00
17-12-2025,17-12-2025,POS 476127 DMART POWAI MUMBAI CARD XX4307,,299.00,,-153165.00
17-12-2025,17-12-2025,POS 560760 RELIANCE FRESH MUMBAI CARD XX8742,,1899.00,,-155064.00
18-12-2025,18-12-2025,POS 987075 RELIANCE FRESH MUMBAI CARD XX8668,,1899.00,,-156963.00
18-12-2025,18-12-2025,POS 766911 RELIANCE FRESH MUMBAI CARD XX8134,,2499.00,,-159462.00
18-12-2025,18-12-2025,POS 438109 RELIANCE FRESH MUMBAI CARD XX9527,,2499.00,,-161961.00
18-12-2025,18-12-2025,UPI/DR/443322110099/AMAZON PAY/amazonpay@icici/Prime,,299.00,,-162260.00
18-12-2025,18-12-2025,UPI/DR/300000214/OLA/merch@ybl/Payment,,499.00,,-162759.00
19-12-2025,19-12-2025,POS 361313 RELIANCE FRESH MUMBAI CARD XX5254,,49.00,,-162808.00
19-12-2025,19-12-2025,POS 596504 RELIANCE FRESH MUMBAI CARD XX3624,,1299.00,,-164107.00
19-12-2025,19-12-2025,POS 156279 RELIANCE FRESH MUMBAI CARD XX2153,,149.00,,-164256.00
19-12-2025,19-12-2025,UPI/DR/300000218/PE/merch@ybl/Payment,,1899.00,,-166155.00
20-12-2025,20-12-2025,POS 173734 RELIANCE FRESH MUMBAI CARD XX1677,,2499.00,,-168654.00
20-12-2025,20-12-2025,UPI/DR/332211009988/HOTSTAR/hotstar@paytm/Video,,299.00,,-168953.00
20-12-2025,20-12-2025,POS 861657 RELIANCE FRESH MUMBAI CARD XX2351,,1299.00,,-170252.00
20-12-2025,20-12-2025,POS 175336 RELIANCE FRESH MUMBAI CARD XX5532,,299.00,,-170551.00
20-12-2025,20-12-2025,UPI/DR/300000223/ZOMATO/zomato@paytm/Food,,1299.00,,-171850.00
21-12-2025,21-12-2025,POS 362374 RELIANCE FRESH MUMBAI CARD XX2158,,2499.00,,-174349.00
21-12-2025,21-12-2025,POS 225304 RELIANCE FRESH MUMBAI CARD XX4009,,99.00,,-174448.00
21-12-2025,21-12-2025,UPI/DR/300000226/RAP/merch@ybl/Payment,,2499.00,,-176947.00
21-12-2025,21-12-2025,UPI/DR/300000227/VI/merch@ybl/Payment,,799.00,,-177746.00
22-12-2025,22-12-2025,POS 690098 RELIANCE FRESH MUMBAI CARD XX4744,,349.00,,-178095.00
22-12-2025,22-12-2025,UPI/DR/300000229/AIRTEL/merch@ybl/Payment,,99.00,,-178194.00
22-12-2025,22-12-2025,UPI/DR/300000230/JIO/merch@ybl/Payment,,799.00,,-178993.00
22-12-2025,22-12-2025,UPI/DR/300000231/RAP/merch@ybl/Payment,,1899.00,,-180892.00
23-12-2025,23-12-2025,POS 365623 RELIANCE FRESH MUMBAI CARD XX9185,,1899.00,,-182791.00
23-12-2025,23-12-2025,POS 175057 RELIANCE FRESH MUMBAI CARD XX7197,,2499.00,,-185290.00
23-12-2025,23-12-2025,POS 401547 RELIANCE FRESH MUMBAI CARD XX9839,,799.00,,-186089.00
23-12-2025,23-12-2025,UPI/DR/300000235/JIO/merch@ybl/Payment,,149.00,,-186238.00
24-12-2025,24-12-2025,POS 925158 RELIANCE FRESH MUMBAI CARD XX6391,,1899.00,,-188137.00
24-12-2025,24-12-2025,POS 734777 RELIANCE FRESH MUMBAI CARD XX9996,,99.00,,-188236.00
24-12-2025,24-12-2025,POS 438199 RELIANCE FRESH MUMBAI CARD XX9415,,249.00,,-188485.00
24-12-2025,24-12-2025,UPI/DR/300000239/VI/merch@ybl/Payment,,799.00,,-189284.00
25-12-2025,25-12-2025,UPI/DR/776655443322/LARGE GIFT/lrgift@paytm/Payment,,62000.00,,-251284.00
25-12-2025,25-12-2025,ECOM AMAZON.IN CARD XXXX5026,,149.00,,-251433.00
25-12-2025,25-12-2025,POS 187253 RELIANCE FRESH MUMBAI CARD XX1935,,1299.00,,-252732.00
25-12-2025,25-12-2025,UPI/DR/300000243/ZOMATO/zomato@paytm/Food,,49.00,,-252781.00
25-12-2025,25-12-2025,UPI/DR/300000244/RAP/merch@ybl/Payment,,99.00,,-252880.00
26-12-2025,26-12-2025,ECOM AMAZON.IN CARD XXXX4957,,99.00,,-252979.00
26-12-2025,26-12-2025,POS 729186 RELIANCE FRESH MUMBAI CARD XX9456,,299.00,,-253278.00
26-12-2025,26-12-2025,POS 309290 RELIANCE FRESH MUMBAI CARD XX5756,,149.00,,-253427.00
26-12-2025,26-12-2025,POS 108883 RELIANCE FRESH MUMBAI CARD XX3692,,1899.00,,-255326.00
27-12-2025,27-12-2025,POS 138258 RELIANCE FRESH MUMBAI CARD XX1685,,1299.00,,-256625.00
27-12-2025,27-12-2025,POS 635965 RELIANCE FRESH MUMBAI CARD XX9118,,49.00,,-256674.00
27-12-2025,27-12-2025,UPI/DR/300000251/AIRTEL/merch@ybl/Payment,,1299.00,,-257973.00
27-12-2025,27-12-2025,UPI/DR/300000252/SWIGGY/swiggy@ybl/Food,,199.00,,-258172.00
27-12-2025,27-12-2025,UPI/DR/300000253/UBER/merch@ybl/Payment,,799.00,,-258971.00
28-12-2025,28-12-2025,POS 667256 RELIANCE FRESH MUMBAI CARD XX7373,,499.00,,-259470.00
28-12-2025,28-12-2025,POS 992404 RELIANCE FRESH MUMBAI CARD XX4269,,99.00,,-259569.00
28-12-2025,28-12-2025,POS 140046 RELIANCE FRESH MUMBAI CARD XX7909,,799.00,,-260368.00
28-12-2025,28-12-2025,UPI/DR/300000257/OLA/merch@ybl/Payment,,499.00,,-260867.00
29-12-2025,29-12-2025,POS 336911 RELIANCE FRESH MUMBAI CARD XX5666,,99.00,,-260966.00
29-12-2025,29-12-2025,UPI/DR/300000259/AMZ/merch@ybl/Payment,,349.00,,-261315.00
29-12-2025,29-12-2025,UPI/DR/300000260/BB/merch@ybl/Payment,,499.00,,-261814.00
29-12-2025,29-12-2025,UPI/DR/300000261/JIO/merch@ybl/Payment,,2499.00,,-264313.00
30-12-2025,30-12-2025,POS 948873 RELIANCE FRESH MUMBAI CARD XX8485,,249.00,,-264562.00
30-12-2025,30-12-2025,POS 241230 RELIANCE FRESH MUMBAI CARD XX6747,,2499.00,,-267061.00
30-12-2025,30-12-2025,POS 645237 RELIANCE FRESH MUMBAI CARD XX1526,,199.00,,-267260.00
30-12-2025,30-12-2025,UPI/DR/300000265/BMS/merch@ybl/Payment,,49.00,,-267309.00
31-12-2025,31-12-2025,POS 774730 RELIANCE FRESH MUMBAI CARD XX3455,,349.00,,-267658.00
31-12-2025,31-12-2025,POS 800030 RELIANCE FRESH MUMBAI CARD XX3650,,149.00,,-267807.00
31-12-2025,31-12-2025,UPI/DR/300000268/BMS/merch@ybl/Payment,,499.00,,-268306.00
31-12-2025,31-12-2025,UPI/DR/300000269/OLA/merch@ybl/Payment,,299.00,,-268605.00
01-01-2026,01-01-2026,NEFT CR ABC TECHNOLOGIES PVT LTD SALARY JAN26,300000270,,85000.00,-183605.00
01-01-2026,01-01-2026,POS 315227 RELIANCE FRESH MUMBAI CARD XX5314,,149.00,,-183754.00
01-01-2026,01-01-2026,POS 231715 RELIANCE FRESH MUMBAI CARD XX3144,,799.00,,-184553.00
01-01-2026,01-01-2026,POS 615494 RELIANCE FRESH MUMBAI CARD XX8590,,349.00,,-184902.00
01-01-2026,01-01-2026,UPI/DR/300000274/NETMEDS/merch@ybl/Payment,,99.00,,-185001.00
02-01-2026,02-01-2026,POS 619910 RELIANCE FRESH MUMBAI CARD XX6610,,349.00,,-185350.00
02-01-2026,02-01-2026,POS 647041 RELIANCE FRESH MUMBAI CARD XX8725,,799.00,,-186149.00
02-01-2026,02-01-2026,UPI/DR/300000277/AIRTEL/merch@ybl/Payment,,349.00,,-186498.00
02-01-2026,02-01-2026,UPI/DR/300000278/OLA/merch@ybl/Payment,,499.00,,-186997.00
03-01-2026,03-01-2026,POS 190442 RELIANCE FRESH MUMBAI CARD XX6391,,499.00,,-187496.00
03-01-2026,03-01-2026,POS 876224 RELIANCE FRESH MUMBAI CARD XX7733,,2499.00,,-189995.00
03-01-2026,03-01-2026,UPI/DR/300000281/AIRTEL/merch@ybl/Payment,,1299.00,,-191294.00
03-01-2026,03-01-2026,UPI/DR/300000282/RAP/merch@ybl/Payment,,799.00,,-192093.00
04-01-2026,04-01-2026,POS 679107 RELIANCE FRESH MUMBAI CARD XX9492,,2499.00,,-194592.00
04-01-2026,04-01-2026,UPI/DR/300000284/AIRTEL/merch@ybl/Payment,,1899.00,,-196491.00
04-01-2026,04-01-2026,UPI/DR/300000285/AMZ/merch@ybl/Payment,,99.00,,-196590.00
04-01-2026,04-01-2026,UPI/DR/300000286/PE/merch@ybl/Payment,,799.00,,-197389.00
05-01-2026,05-01-2026,ATM WDL ICICI ATM BANDRA MUMBAI 789012,,33000.00,,-230389.00
05-01-2026,05-01-2026,POS 468366 RELIANCE FRESH MUMBAI CARD XX9712,,249.00,,-230638.00
05-01-2026,05-01-2026,POS 917414 RELIANCE FRESH MUMBAI CARD XX7128,,149.00,,-230787.00
05-01-2026,05-01-2026,ECOM AMAZON.IN CARD XXXX4977,,1899.00,,-232686.00
05-01-2026,05-01-2026,NEFT DR-SBIN0012345-KUMAR-RENT JAN26-N300000291,300000291,18000.00,,-250686.00
05-01-2026,05-01-2026,UPI/DR/300000292/ZOMATO/zomato@paytm/Food,,49.00,,-250735.00
06-01-2026,06-01-2026,POS 182972 RELIANCE FRESH MUMBAI CARD XX3047,,799.00,,-251534.00
06-01-2026,06-01-2026,POS 690177 RELIANCE FRESH MUMBAI CARD XX8771,,49.00,,-251583.00
06-01-2026,06-01-2026,UPI/DR/300000295/NETMEDS/merch@ybl/Payment,,149.00,,-251732.00
06-01-2026,06-01-2026,UPI/DR/300000296/UBER/merch@ybl/Payment,,2499.00,,-254231.00
07-01-2026,07-01-2026,POS 404219 DMART POWAI MUMBAI CARD XX2697,,799.00,,-255030.00
07-01-2026,07-01-2026,POS 442882 RELIANCE FRESH MUMBAI CARD XX9047,,149.00,,-255179.00
07-01-2026,07-01-2026,POS 905239 RELIANCE FRESH MUMBAI CARD XX4691,,299.00,,-255478.00
07-01-2026,07-01-2026,UPI/DR/300000300/BB/merch@ybl/Payment,,349.00,,-255827.00
08-01-2026,08-01-2026,POS 364509 RELIANCE FRESH MUMBAI CARD XX1262,,199.00,,-256026.00
08-01-2026,08-01-2026,UPI/DR/887766554433/ACT FIBERNET/act@axis/Internet,,999.00,,-257025.00
08-01-2026,08-01-2026,POS 903749 RELIANCE FRESH MUMBAI CARD XX4079,,149.00,,-257174.00
08-01-2026,08-01-2026,POS 693471 RELIANCE FRESH MUMBAI CARD XX1371,,1899.00,,-259073.00
08-01-2026,08-01-2026,UPI/DR/300000305/NETMEDS/merch@ybl/Payment,,249.00,,-259322.00
09-01-2026,09-01-2026,POS 265900 RELIANCE FRESH MUMBAI CARD XX6380,,249.00,,-259571.00
09-01-2026,09-01-2026,POS 128986 RELIANCE FRESH MUMBAI CARD XX7246,,199.00,,-259770.00
09-01-2026,09-01-2026,POS 857760 RELIANCE FRESH MUMBAI CARD XX5853,,349.00,,-260119.00
09-01-2026,09-01-2026,UPI/DR/300000309/AMZ/merch@ybl/Payment,,499.00,,-260618.00
10-01-2026,10-01-2026,UPI/DR/776655443322/ADANI ELECTRICITY/adani@ybl/Bill,,2359.00,,-262977.00
10-01-2026,10-01-2026,POS 403431 RELIANCE FRESH MUMBAI CARD XX1682,,249.00,,-263226.00
10-01-2026,10-01-2026,POS 878472 RELIANCE FRESH MUMBAI CARD XX6966,,49.00,,-263275.00
10-01-2026,10-01-2026,UPI/DR/300000313/ZOMATO/zomato@paytm/Food,,349.00,,-263624.00
10-01-2026,10-01-2026,UPI/DR/300000314/UBER/merch@ybl/Payment,,149.00,,-263773.00
11-01-2026,11-01-2026,POS 678446 RELIANCE FRESH MUMBAI CARD XX6783,,1899.00,,-265672.00
11-01-2026,11-01-2026,POS 441682 RELIANCE FRESH MUMBAI CARD XX6752,,1899.00,,-267571.00
11-01-2026,11-01-2026,UPI/DR/300000317/BB/merch@ybl/Payment,,99.00,,-267670.00
11-01-2026,11-01-2026,UPI/DR/300000318/UBER/merch@ybl/Payment,,799.00,,-268469.00
12-01-2026,12-01-2026,UPI/DR/665544332211/NETFLIX/netflix@icici/OTT,,499.00,,-268968.00
12-01-2026,12-01-2026,POS 206709 RELIANCE FRESH MUMBAI CARD XX2615,,99.00,,-269067.00
12-01-2026,12-01-2026,UPI/DR/300000321/BB/merch@ybl/Payment,,799.00,,-269866.00
12-01-2026,12-01-2026,UPI/DR/300000322/BB/merch@ybl/Payment,,249.00,,-270115.00
12-01-2026,12-01-2026,UPI/DR/300000323/VI/merch@ybl/Payment,,799.00,,-270914.00
13-01-2026,13-01-2026,POS 696160 RELIANCE FRESH MUMBAI CARD XX7595,,49.00,,-270963.00
13-01-2026,13-01-2026,POS 411501 RELIANCE FRESH MUMBAI CARD XX5110,,1299.00,,-272262.00
13-01-2026,13-01-2026,UPI/DR/300000326/BB/merch@ybl/Payment,,49.00,,-272311.00
13-01-2026,13-01-2026,UPI/DR/300000327/NETMEDS/merch@ybl/Payment,,149.00,,-272460.00
14-01-2026,14-01-2026,POS 762527 RELIANCE FRESH MUMBAI CARD XX4578,,349.00,,-272809.00
14-01-2026,14-01-2026,POS 525077 RELIANCE FRESH MUMBAI CARD XX1616,,299.00,,-273108.00
14-01-2026,14-01-2026,POS 643152 RELIANCE FRESH MUMBAI CARD XX8534,,249.00,,-273357.00
14-01-2026,14-01-2026,UPI/DR/300000331/AIRTEL/merch@ybl/Payment,,799.00,,-274156.00
15-01-2026,15-01-2026,POS 685164 RELIANCE FRESH MUMBAI CARD XX2111,,1299.00,,-275455.00
15-01-2026,15-01-2026,POS 205650 RELIANCE FRESH MUMBAI CARD XX9753,,299.00,,-275754.00
15-01-2026,15-01-2026,POS 202747 RELIANCE FRESH MUMBAI CARD XX6719,,1899.00,,-277653.00
15-01-2026,15-01-2026,UPI/DR/554433221100/SPOTIFY/spotify@paytm/Music,,119.00,,-277772.00
15-01-2026,15-01-2026,UPI/DR/300000336/UBER/merch@ybl/Payment,,199.00,,-277971.00
16-01-2026,16-01-2026,ECOM AMAZON.IN CARD XXXX3806,,2499.00,,-280470.00
16-01-2026,16-01-2026,POS 478088 RELIANCE FRESH MUMBAI CARD XX6853,,499.00,,-280969.00
16-01-2026,16-01-2026,UPI/DR/300000339/AIRTEL/merch@ybl/Payment,,1299.00,,-282268.00
16-01-2026,16-01-2026,UPI/DR/300000340/VI/merch@ybl/Payment,,2499.00,,-284767.00
17-01-2026,17-01-2026,UPI/DR/300000341/AIRTEL/merch@ybl/Payment,,249.00,,-285016.00
17-01-2026,17-01-2026,UPI/DR/300000342/AMZ/merch@ybl/Payment,,349.00,,-285365.00
17-01-2026,17-01-2026,UPI/DR/300000343/RAP/merch@ybl/Payment,,249.00,,-285614.00
17-01-2026,17-01-2026,UPI/DR/300000344/VI/merch@ybl/Payment,,1299.00,,-286913.00
18-01-2026,18-01-2026,POS 749217 RELIANCE FRESH MUMBAI CARD XX8858,,499.00,,-287412.00
18-01-2026,18-01-2026,POS 588517 RELIANCE FRESH MUMBAI CARD XX3003,,49.00,,-287461.00
18-01-2026,18-01-2026,POS 218898 RELIANCE FRESH MUMBAI CARD XX6528,,149.00,,-287610.00
18-01-2026,18-01-2026,UPI/DR/443322110099/AMAZON PAY/amazonpay@icici/Prime,,299.00,,-287909.00
18-01-2026,18-01-2026,UPI/DR/300000349/BMS/merch@ybl/Payment,,299.00,,-288208.00
19-01-2026,19-01-2026,POS 961417 RELIANCE FRESH MUMBAI CARD XX1483,,1899.00,,-290107.00
19-01-2026,19-01-2026,POS 468442 RELIANCE FRESH MUMBAI CARD XX6630,,299.00,,-290406.00
19-01-2026,19-01-2026,POS 378196 RELIANCE FRESH MUMBAI CARD XX9591,,249.00,,-290655.00
19-01-2026,19-01-2026,POS 697887 RELIANCE FRESH MUMBAI CARD XX2557,,499.00,,-291154.00
20-01-2026,20-01-2026,UPI/DR/332211009988/HOTSTAR/hotstar@paytm/Video,,299.00,,-291453.00
20-01-2026,20-01-2026,POS 371212 RELIANCE FRESH MUMBAI CARD XX1356,,149.00,,-291602.00
20-01-2026,20-01-2026,POS 649607 RELIANCE FRESH MUMBAI CARD XX6190,,1899.00,,-293501.00
20-01-2026,20-01-2026,UPI/DR/300000357/ZOMATO/zomato@paytm/Food,,2499.00,,-296000.00
20-01-2026,20-01-2026,UPI/DR/300000358/VI/merch@ybl/Payment,,1299.00,,-297299.00
21-01-2026,21-01-2026,POS 633160 RELIANCE FRESH MUMBAI CARD XX7638,,1899.00,,-299198.00
21-01-2026,21-01-2026,POS 202366 RELIANCE FRESH MUMBAI CARD XX3946,,1299.00,,-300497.00
21-01-2026,21-01-2026,UPI/DR/300000361/AMZ/merch@ybl/Payment,,199.00,,-300696.00
21-01-2026,21-01-2026,UPI/DR/300000362/SWIGGY/swiggy@ybl/Food,,49.00,,-300745.00
22-01-2026,22-01-2026,UPI/DR/009988776655/XYZ TRADING LTD/xyztrd@okaxis/Payment,,75000.00,,-375745.00
22-01-2026,22-01-2026,POS 126365 RELIANCE FRESH MUMBAI CARD XX3583,,2499.00,,-378244.00
22-01-2026,22-01-2026,POS 165442 RELIANCE FRESH MUMBAI CARD XX3335,,1899.00,,-380143.00
22-01-2026,22-01-2026,POS 314160 RELIANCE FRESH MUMBAI CARD XX1718,,199.00,,-380342.00
22-01-2026,22-01-2026,UPI/DR/300000367/ZOMATO/zomato@paytm/Food,,2499.00,,-382841.00
23-01-2026,23-01-2026,POS 870176 RELIANCE FRESH MUMBAI CARD XX5107,,499.00,,-383340.00
23-01-2026,23-01-2026,POS 714746 RELIANCE FRESH MUMBAI CARD XX8095,,2499.00,,-385839.00
23-01-2026,23-01-2026,POS 719810 RELIANCE FRESH MUMBAI CARD XX5020,,249.00,,-386088.00
23-01-2026,23-01-2026,UPI/DR/300000371/AMZ/merch@ybl/Payment,,49.00,,-386137.00
24-01-2026,24-01-2026,POS 540746 RELIANCE FRESH MUMBAI CARD XX3430,,1299.00,,-387436.00
24-01-2026,24-01-2026,POS 291693 RELIANCE FRESH MUMBAI CARD XX7654,,2499.00,,-389935.00
24-01-2026,24-01-2026,UPI/DR/300000374/ZOMATO/zomato@paytm/Food,,799.00,,-390734.00
24-01-2026,24-01-2026,UPI/DR/300000375/ZOMATO/zomato@paytm/Food,,99.00,,-390833.00
25-01-2026,25-01-2026,POS 172836 RELIANCE FRESH MUMBAI CARD XX6590,,49.00,,-390882.00
25-01-2026,25-01-2026,POS 490660 RELIANCE FRESH MUMBAI CARD XX3268,,1299.00,,-392181.00
25-01-2026,25-01-2026,UPI/DR/300000378/BB/merch@ybl/Payment,,99.00,,-392280.00
25-01-2026,25-01-2026,UPI/DR/300000379/NETMEDS/merch@ybl/Payment,,2499.00,,-394779.00
26-01-2026,26-01-2026,POS 633411 RELIANCE FRESH MUMBAI CARD XX5207,,349.00,,-395128.00
26-01-2026,26-01-2026,POS 121232 RELIANCE FRESH MUMBAI CARD XX4892,,249.00,,-395377.00
26-01-2026,26-01-2026,POS 625910 RELIANCE FRESH MUMBAI CARD XX3858,,1899.00,,-397276.00
26-01-2026,26-01-2026,POS 933032 RELIANCE FRESH MUMBAI CARD XX6513,,499.00,,-397775.00
26-01-2026,26-01-2026,UPI/DR/300000384/PE/merch@ybl/Payment,,49.00,,-397824.00
27-01-2026,27-01-2026,POS 699248 DMART POWAI MUMBAI CARD XX3053,,49.00,,-397873.00
27-01-2026,27-01-2026,POS 199611 RELIANCE FRESH MUMBAI CARD XX5629,,249.00,,-398122.00
27-01-2026,27-01-2026,POS 120760 RELIANCE FRESH MUMBAI CARD XX5226,,299.00,,-398421.00
27-01-2026,27-01-2026,UPI/DR/300000388/UBER/merch@ybl/Payment,,249.00,,-398670.00
28-01-2026,28-01-2026,POS 953784 RELIANCE FRESH MUMBAI CARD XX8201,,2499.00,,-401169.00
28-01-2026,28-01-2026,POS 470029 RELIANCE FRESH MUMBAI CARD XX5243,,799.00,,-401968.00
28-01-2026,28-01-2026,UPI/DR/300000391/SWIGGY/swiggy@ybl/Food,,149.00,,-402117.00
28-01-2026,28-01-2026,UPI/DR/300000392/SWIGGY/swiggy@ybl/Food,,199.00,,-402316.00
29-01-2026,29-01-2026,POS 923526 RELIANCE FRESH MUMBAI CARD XX6804,,499.00,,-402815.00
29-01-2026,29-01-2026,POS 273991 RELIANCE FRESH MUMBAI CARD XX8342,,99.00,,-402914.00
29-01-2026,29-01-2026,POS 435106 RELIANCE FRESH MUMBAI CARD XX1673,,149.00,,-403063.00
29-01-2026,29-01-2026,UPI/DR/300000396/SWIGGY/swiggy@ybl/Food,,349.00,,-403412.00
30-01-2026,30-01-2026,POS 822894 RELIANCE FRESH MUMBAI CARD XX7628,,99.00,,-403511.00
30-01-2026,30-01-2026,UPI/DR/300000398/BMS/merch@ybl/Payment,,2499.00,,-406010.00
30-01-2026,30-01-2026,UPI/DR/300000399/ZOMATO/zomato@paytm/Food,,49.00,,-406059.00
30-01-2026,30-01-2026,UPI/DR/300000400/RAP/merch@ybl/Payment,,1899.00,,-407958.00
31-01-2026,31-01-2026,ECOM AMAZON.IN CARD XXXX6237,,149.00,,-408107.00
31-01-2026,31-01-2026,POS 867264 RELIANCE FRESH MUMBAI CARD XX5120,,799.00,,-408906.00
31-01-2026,31-01-2026,UPI/DR/300000403/BB/merch@ybl/Payment,,1899.00,,-410805.00
31-01-2026,31-01-2026,UPI/DR/300000404/OLA/merch@ybl/Payment,,299.00,,-411104.00
01-02-2026,01-02-2026,NEFT CR ABC TECHNOLOGIES PVT LTD SALARY FEB26,300000405,,85000.00,-326104.00
01-02-2026,01-02-2026,POS 220297 RELIANCE FRESH MUMBAI CARD XX1518,,349.00,,-326453.00
01-02-2026,01-02-2026,POS 788877 RELIANCE FRESH MUMBAI CARD XX4244,,199.00,,-326652.00
01-02-2026,01-02-2026,POS 535189 RELIANCE FRESH MUMBAI CARD XX1248,,249.00,,-326901.00
01-02-2026,01-02-2026,UPI/DR/300000409/BMS/merch@ybl/Payment,,1899.00,,-328800.00
02-02-2026,02-02-2026,UPI/DR/887766554433/VERIFY/probe@ybl/Test,,1.00,,-328801.00
02-02-2026,02-02-2026,UPI/DR/887766554433/VERIFY/probe@ybl/Test,,1.00,,-328802.00
02-02-2026,02-02-2026,POS 532240 DMART POWAI MUMBAI CARD XX5809,,2499.00,,-331301.00
02-02-2026,02-02-2026,POS 464029 RELIANCE FRESH MUMBAI CARD XX3589,,249.00,,-331550.00
02-02-2026,02-02-2026,UPI/DR/300000414/BMS/merch@ybl/Payment,,299.00,,-331849.00
02-02-2026,02-02-2026,UPI/DR/300000415/JIO/merch@ybl/Payment,,199.00,,-332048.00
03-02-2026,03-02-2026,POS 748948 RELIANCE FRESH MUMBAI CARD XX1098,,99.00,,-332147.00
03-02-2026,03-02-2026,POS 497842 RELIANCE FRESH MUMBAI CARD XX7872,,99.00,,-332246.00
03-02-2026,03-02-2026,UPI/DR/300000418/BB/merch@ybl/Payment,,799.00,,-333045.00
03-02-2026,03-02-2026,UPI/DR/300000419/PE/merch@ybl/Payment,,799.00,,-333844.00
04-02-2026,04-02-2026,POS 187825 RELIANCE FRESH MUMBAI CARD XX9540,,799.00,,-334643.00
04-02-2026,04-02-2026,POS 740232 RELIANCE FRESH MUMBAI CARD XX3866,,499.00,,-335142.00
04-02-2026,04-02-2026,UPI/DR/300000422/NETMEDS/merch@ybl/Payment,,99.00,,-335241.00
04-02-2026,04-02-2026,UPI/DR/300000423/UBER/merch@ybl/Payment,,199.00,,-335440.00
05-02-2026,05-02-2026,POS 894656 RELIANCE FRESH MUMBAI CARD XX9396,,299.00,,-335739.00
05-02-2026,05-02-2026,POS 490938 RELIANCE FRESH MUMBAI CARD XX3362,,2499.00,,-338238.00
05-02-2026,05-02-2026,NEFT DR-SBIN0012345-KUMAR-RENT FEB26-N300000426,300000426,18000.00,,-356238.00
05-02-2026,05-02-2026,UPI/DR/300000427/SWIGGY/swiggy@ybl/Food,,149.00,,-356387.00
05-02-2026,05-02-2026,UPI/DR/300000428/ZOMATO/zomato@paytm/Food,,1899.00,,-358286.00
06-02-2026,06-02-2026,POS 894370 RELIANCE FRESH MUMBAI CARD XX7886,,1299.00,,-359585.00
06-02-2026,06-02-2026,POS 113229 RELIANCE FRESH MUMBAI CARD XX2477,,49.00,,-359634.00
06-02-2026,06-02-2026,POS 444340 RELIANCE FRESH MUMBAI CARD XX4389,,299.00,,-359933.00
06-02-2026,06-02-2026,UPI/DR/300000432/BMS/merch@ybl/Payment,,99.00,,-360032.00
07-02-2026,07-02-2026,POS 199475 RELIANCE FRESH MUMBAI CARD XX9924,,249.00,,-360281.00
07-02-2026,07-02-2026,POS 400120 RELIANCE FRESH MUMBAI CARD XX4430,,199.00,,-360480.00
07-02-2026,07-02-2026,UPI/DR/300000435/BB/merch@ybl/Payment,,199.00,,-360679.00
07-02-2026,07-02-2026,UPI/DR/300000436/UBER/merch@ybl/Payment,,1899.00,,-362578.00
08-02-2026,08-02-2026,UPI/DR/887766554433/ACT FIBERNET/act@axis/Internet,,999.00,,-363577.00
08-02-2026,08-02-2026,POS 652268 RELIANCE FRESH MUMBAI CARD XX1054,,49.00,,-363626.00
08-02-2026,08-02-2026,POS 330782 RELIANCE FRESH MUMBAI CARD XX9387,,149.00,,-363775.00
08-02-2026,08-02-2026,POS 529553 RELIANCE FRESH MUMBAI CARD XX9058,,1899.00,,-365674.00
08-02-2026,08-02-2026,POS 279686 RELIANCE FRESH MUMBAI CARD XX1238,,499.00,,-366173.00
09-02-2026,09-02-2026,ECOM AMAZON.IN CARD XXXX3313,,799.00,,-366972.00
09-02-2026,09-02-2026,POS 673018 RELIANCE FRESH MUMBAI CARD XX4295,,2499.00,,-369471.00
09-02-2026,09-02-2026,POS 155066 RELIANCE FRESH MUMBAI CARD XX3541,,2499.00,,-371970.00
09-02-2026,09-02-2026,UPI/DR/300000445/ZOMATO/zomato@paytm/Food,,199.00,,-372169.00
10-02-2026,10-02-2026,POS 727130 RELIANCE FRESH MUMBAI CARD XX3703,,499.00,,-372668.00
10-02-2026,10-02-2026,UPI/DR/776655443322/ADANI ELECTRICITY/adani@ybl/Bill,,3434.00,,-376102.00
10-02-2026,10-02-2026,POS 326868 RELIANCE FRESH MUMBAI CARD XX2092,,2499.00,,-378601.00
10-02-2026,10-02-2026,POS 640218 RELIANCE FRESH MUMBAI CARD XX2341,,199.00,,-378800.00
10-02-2026,10-02-2026,UPI/DR/300000450/AIRTEL/merch@ybl/Payment,,99.00,,-378899.00
11-02-2026,11-02-2026,POS 299431 RELIANCE FRESH MUMBAI CARD XX8526,,2499.00,,-381398.00
11-02-2026,11-02-2026,POS 127399 RELIANCE FRESH MUMBAI CARD XX3425,,1299.00,,-382697.00
11-02-2026,11-02-2026,UPI/DR/300000453/JIO/merch@ybl/Payment,,199.00,,-382896.00
11-02-2026,11-02-2026,UPI/DR/300000454/VI/merch@ybl/Payment,,149.00,,-383045.00
12-02-2026,12-02-2026,POS 264863 RELIANCE FRESH MUMBAI CARD XX7917,,1899.00,,-384944.00
12-02-2026,12-02-2026,POS 424488 RELIANCE FRESH MUMBAI CARD XX1466,,2499.00,,-387443.00
12-02-2026,12-02-2026,UPI/DR/665544332211/NETFLIX/netflix@icici/OTT,,499.00,,-387942.00
12-02-2026,12-02-2026,UPI/DR/300000458/SWIGGY/swiggy@ybl/Food,,149.00,,-388091.00
12-02-2026,12-02-2026,UPI/DR/300000459/OLA/merch@ybl/Payment,,49.00,,-388140.00
13-02-2026,13-02-2026,POS 706565 RELIANCE FRESH MUMBAI CARD XX8007,,349.00,,-388489.00
13-02-2026,13-02-2026,POS 325345 DMART POWAI MUMBAI CARD XX9958,,799.00,,-389288.00
13-02-2026,13-02-2026,UPI/DR/300000462/PE/merch@ybl/Payment,,499.00,,-389787.00
13-02-2026,13-02-2026,UPI/DR/300000463/UBER/merch@ybl/Payment,,1299.00,,-391086.00
14-02-2026,14-02-2026,NEFT DR ICICI ROUND TEST N888777666,300000464,100000.00,,-491086.00
14-02-2026,14-02-2026,POS 662524 RELIANCE FRESH MUMBAI CARD XX7965,,499.00,,-491585.00
14-02-2026,14-02-2026,POS 479166 RELIANCE FRESH MUMBAI CARD XX9582,,499.00,,-492084.00
14-02-2026,14-02-2026,UPI/DR/300000467/BMS/merch@ybl/Payment,,299.00,,-492383.00
14-02-2026,14-02-2026,UPI/DR/300000468/VI/merch@ybl/Payment,,49.00,,-492432.00
15-02-2026,15-02-2026,POS 316811 RELIANCE FRESH MUMBAI CARD XX2403,,2499.00,,-494931.00
15-02-2026,15-02-2026,POS 110645 RELIANCE FRESH MUMBAI CARD XX2686,,1899.00,,-496830.00
15-02-2026,15-02-2026,POS 601772 RELIANCE FRESH MUMBAI CARD XX4783,,49.00,,-496879.00
15-02-2026,15-02-2026,UPI/DR/554433221100/SPOTIFY/spotify@paytm/Music,,119.00,,-496998.00
15-02-2026,15-02-2026,UPI/DR/300000473/BB/merch@ybl/Payment,,249.00,,-497247.00
16-02-2026,16-02-2026,POS 529794 RELIANCE FRESH MUMBAI CARD XX9703,,499.00,,-497746.00
16-02-2026,16-02-2026,UPI/DR/300000475/BB/merch@ybl/Payment,,49.00,,-497795.00
16-02-2026,16-02-2026,UPI/DR/300000476/UBER/merch@ybl/Payment,,299.00,,-498094.00
16-02-2026,16-02-2026,UPI/DR/300000477/UBER/merch@ybl/Payment,,1899.00,,-499993.00
17-02-2026,17-02-2026,POS 192650 RELIANCE FRESH MUMBAI CARD XX7066,,1299.00,,-501292.00
17-02-2026,17-02-2026,POS 821339 RELIANCE FRESH MUMBAI CARD XX7219,,99.00,,-501391.00
17-02-2026,17-02-2026,POS 702819 RELIANCE FRESH MUMBAI CARD XX9123,,1899.00,,-503290.00
17-02-2026,17-02-2026,UPI/DR/300000481/OLA/merch@ybl/Payment,,2499.00,,-505789.00
18-02-2026,18-02-2026,POS 966254 RELIANCE FRESH MUMBAI CARD XX4694,,1299.00,,-507088.00
18-02-2026,18-02-2026,POS 333991 RELIANCE FRESH MUMBAI CARD XX8953,,799.00,,-507887.00
18-02-2026,18-02-2026,POS 565439 RELIANCE FRESH MUMBAI CARD XX7809,,99.00,,-507986.00
18-02-2026,18-02-2026,UPI/DR/443322110099/AMAZON PAY/amazonpay@icici/Prime,,299.00,,-508285.00
18-02-2026,18-02-2026,UPI/DR/300000486/ZOMATO/zomato@paytm/Food,,2499.00,,-510784.00
19-02-2026,19-02-2026,POS 546877 RELIANCE FRESH MUMBAI CARD XX9359,,299.00,,-511083.00
19-02-2026,19-02-2026,POS 779047 RELIANCE FRESH MUMBAI CARD XX7055,,149.00,,-511232.00
19-02-2026,19-02-2026,POS 853472 RELIANCE FRESH MUMBAI CARD XX8513,,99.00,,-511331.00
19-02-2026,19-02-2026,POS 171250 RELIANCE FRESH MUMBAI CARD XX2078,,49.00,,-511380.00
20-02-2026,20-02-2026,POS 309252 RELIANCE FRESH MUMBAI CARD XX9822,,499.00,,-511879.00
20-02-2026,20-02-2026,POS 981950 RELIANCE FRESH MUMBAI CARD XX6553,,99.00,,-511978.00
20-02-2026,20-02-2026,UPI/DR/332211009988/HOTSTAR/hotstar@paytm/Video,,299.00,,-512277.00
20-02-2026,20-02-2026,POS 249123 RELIANCE FRESH MUMBAI CARD XX2619,,2499.00,,-514776.00
20-02-2026,20-02-2026,UPI/DR/300000495/JIO/merch@ybl/Payment,,349.00,,-515125.00
21-02-2026,21-02-2026,POS 850701 RELIANCE FRESH MUMBAI CARD XX7891,,149.00,,-515274.00
21-02-2026,21-02-2026,POS 910212 RELIANCE FRESH MUMBAI CARD XX2986,,149.00,,-515423.00
21-02-2026,21-02-2026,UPI/DR/300000498/AMZ/merch@ybl/Payment,,199.00,,-515622.00
21-02-2026,21-02-2026,UPI/DR/300000499/JIO/merch@ybl/Payment,,1899.00,,-517521.00
22-02-2026,22-02-2026,POS 284964 RELIANCE FRESH MUMBAI CARD XX7702,,1299.00,,-518820.00
22-02-2026,22-02-2026,POS 655302 RELIANCE FRESH MUMBAI CARD XX9681,,499.00,,-519319.00
22-02-2026,22-02-2026,UPI/DR/300000502/AIRTEL/merch@ybl/Payment,,1299.00,,-520618.00
22-02-2026,22-02-2026,UPI/DR/300000503/OLA/merch@ybl/Payment,,499.00,,-521117.00
23-02-2026,23-02-2026,POS 719086 RELIANCE FRESH MUMBAI CARD XX8648,,799.00,,-521916.00
23-02-2026,23-02-2026,POS 590305 RELIANCE FRESH MUMBAI CARD XX7109,,99.00,,-522015.00
23-02-2026,23-02-2026,UPI/DR/300000506/BB/merch@ybl/Payment,,349.00,,-522364.00
23-02-2026,23-02-2026,UPI/DR/300000507/PE/merch@ybl/Payment,,1899.00,,-524263.00
24-02-2026,24-02-2026,POS 447200 RELIANCE FRESH MUMBAI CARD XX6278,,2499.00,,-526762.00
24-02-2026,24-02-2026,UPI/DR/300000509/JIO/merch@ybl/Payment,,99.00,,-526861.00
24-02-2026,24-02-2026,UPI/DR/300000510/RAP/merch@ybl/Payment,,99.00,,-526960.00
24-02-2026,24-02-2026,UPI/DR/300000511/RAP/merch@ybl/Payment,,799.00,,-527759.00
25-02-2026,25-02-2026,POS 950019 RELIANCE FRESH MUMBAI CARD XX5025,,1299.00,,-529058.00
25-02-2026,25-02-2026,POS 429960 RELIANCE FRESH MUMBAI CARD XX8522,,1899.00,,-530957.00
25-02-2026,25-02-2026,UPI/DR/300000514/AIRTEL/merch@ybl/Payment,,49.00,,-531006.00
25-02-2026,25-02-2026,UPI/DR/300000515/BB/merch@ybl/Payment,,2499.00,,-533505.00
26-02-2026,26-02-2026,ECOM AMAZON.IN CARD XXXX4849,,1299.00,,-534804.00
26-02-2026,26-02-2026,ECOM AMAZON.IN CARD XXXX4715,,149.00,,-534953.00
26-02-2026,26-02-2026,POS 522811 RELIANCE FRESH MUMBAI CARD XX7072,,99.00,,-535052.00
26-02-2026,26-02-2026,POS 361309 RELIANCE FRESH MUMBAI CARD XX4026,,1899.00,,-536951.00
27-02-2026,27-02-2026,POS 196788 RELIANCE FRESH MUMBAI CARD XX4484,,299.00,,-537250.00
27-02-2026,27-02-2026,POS 850714 RELIANCE FRESH MUMBAI CARD XX3400,,299.00,,-537549.00
27-02-2026,27-02-2026,POS 741912 RELIANCE FRESH MUMBAI CARD XX9781,,49.00,,-537598.00
27-02-2026,27-02-2026,POS 551584 RELIANCE FRESH MUMBAI CARD XX5738,,1899.00,,-539497.00
27-02-2026,27-02-2026,UPI/DR/300000524/BB/merch@ybl/Payment,,499.00,,-539996.00
28-02-2026,28-02-2026,POS 825526 DMART POWAI MUMBAI CARD XX5931,,49.00,,-540045.00
28-02-2026,28-02-2026,POS 484512 RELIANCE FRESH MUMBAI CARD XX3204,,1899.00,,-541944.00
28-02-2026,28-02-2026,UPI/DR/300000527/RAP/merch@ybl/Payment,,149.00,,-542093.00
28-02-2026,28-02-2026,UPI/DR/300000528/VI/merch@ybl/Payment,,99.00,,-542192.00
01-03-2026,01-03-2026,NEFT CR ABC TECHNOLOGIES PVT LTD SALARY MAR26,300000529,,85000.00,-457192.00
01-03-2026,01-03-2026,POS 738868 RELIANCE FRESH MUMBAI CARD XX7573,,149.00,,-457341.00
01-03-2026,01-03-2026,POS 696374 RELIANCE FRESH MUMBAI CARD XX3986,,299.00,,-457640.00
01-03-2026,01-03-2026,UPI/DR/300000532/BB/merch@ybl/Payment,,99.00,,-457739.00
01-03-2026,01-03-2026,UPI/DR/300000533/BMS/merch@ybl/Payment,,349.00,,-458088.00
02-03-2026,02-03-2026,POS 198652 RELIANCE FRESH MUMBAI CARD XX5153,,49.00,,-458137.00
02-03-2026,02-03-2026,POS 447954 RELIANCE FRESH MUMBAI CARD XX9319,,1899.00,,-460036.00
02-03-2026,02-03-2026,POS 807973 RELIANCE FRESH MUMBAI CARD XX9279,,499.00,,-460535.00
02-03-2026,02-03-2026,UPI/DR/300000537/PE/merch@ybl/Payment,,1899.00,,-462434.00
03-03-2026,03-03-2026,POS 190786 RELIANCE FRESH MUMBAI CARD XX1223,,199.00,,-462633.00
03-03-2026,03-03-2026,POS 956236 RELIANCE FRESH MUMBAI CARD XX9321,,99.00,,-462732.00
03-03-2026,03-03-2026,POS 335906 RELIANCE FRESH MUMBAI CARD XX3581,,499.00,,-463231.00
03-03-2026,03-03-2026,UPI/DR/300000541/PE/merch@ybl/Payment,,349.00,,-463580.00
04-03-2026,04-03-2026,POS 387116 RELIANCE FRESH MUMBAI CARD XX5162,,1899.00,,-465479.00
04-03-2026,04-03-2026,POS 270101 RELIANCE FRESH MUMBAI CARD XX7152,,49.00,,-465528.00
04-03-2026,04-03-2026,UPI/DR/300000544/BMS/merch@ybl/Payment,,1299.00,,-466827.00
04-03-2026,04-03-2026,UPI/DR/300000545/VI/merch@ybl/Payment,,1899.00,,-468726.00
05-03-2026,05-03-2026,POS 785115 RELIANCE FRESH MUMBAI CARD XX5696,,349.00,,-469075.00
05-03-2026,05-03-2026,POS 981520 RELIANCE FRESH MUMBAI CARD XX4262,,299.00,,-469374.00
05-03-2026,05-03-2026,NEFT DR-SBIN0012345-KUMAR-RENT MAR26-N300000548,300000548,18000.00,,-487374.00
05-03-2026,05-03-2026,UPI/DR/300000549/AIRTEL/merch@ybl/Payment,,199.00,,-487573.00
05-03-2026,05-03-2026,UPI/DR/300000550/JIO/merch@ybl/Payment,,1899.00,,-489472.00
06-03-2026,06-03-2026,POS 235140 DMART POWAI MUMBAI CARD XX2077,,249.00,,-489721.00
06-03-2026,06-03-2026,POS 720474 RELIANCE FRESH MUMBAI CARD XX5394,,799.00,,-490520.00
06-03-2026,06-03-2026,UPI/DR/300000553/AIRTEL/merch@ybl/Payment,,199.00,,-490719.00
06-03-2026,06-03-2026,UPI/DR/300000554/RAP/merch@ybl/Payment,,199.00,,-490918.00
06-03-2026,06-03-2026,UPI/DR/300000555/VI/merch@ybl/Payment,,2499.00,,-493417.00
07-03-2026,07-03-2026,UPI/DR/300000556/AIRTEL/merch@ybl/Payment,,99.00,,-493516.00
07-03-2026,07-03-2026,UPI/DR/300000557/NETMEDS/merch@ybl/Payment,,249.00,,-493765.00
07-03-2026,07-03-2026,UPI/DR/300000558/RAP/merch@ybl/Payment,,49.00,,-493814.00
07-03-2026,07-03-2026,UPI/DR/300000559/UBER/merch@ybl/Payment,,799.00,,-494613.00
08-03-2026,08-03-2026,UPI/DR/887766554433/ACT FIBERNET/act@axis/Internet,,999.00,,-495612.00
08-03-2026,08-03-2026,POS 195620 RELIANCE FRESH MUMBAI CARD XX6944,,1899.00,,-497511.00
08-03-2026,08-03-2026,UPI/DR/300000562/JIO/merch@ybl/Payment,,499.00,,-498010.00
08-03-2026,08-03-2026,UPI/DR/300000563/NETMEDS/merch@ybl/Payment,,249.00,,-498259.00
08-03-2026,08-03-2026,UPI/DR/300000564/UBER/merch@ybl/Payment,,2499.00,,-500758.00
09-03-2026,09-03-2026,POS 317958 RELIANCE FRESH MUMBAI CARD XX7536,,249.00,,-501007.00
09-03-2026,09-03-2026,UPI/DR/300000566/OLA/merch@ybl/Payment,,799.00,,-501806.00
09-03-2026,09-03-2026,UPI/DR/300000567/PE/merch@ybl/Payment,,499.00,,-502305.00
09-03-2026,09-03-2026,UPI/DR/300000568/RAP/merch@ybl/Payment,,299.00,,-502604.00
10-03-2026,10-03-2026,UPI/DR/776655443322/ADANI ELECTRICITY/adani@ybl/Bill,,2449.00,,-505053.00
10-03-2026,10-03-2026,POS 966889 RELIANCE FRESH MUMBAI CARD XX1112,,1899.00,,-506952.00
10-03-2026,10-03-2026,POS 768944 RELIANCE FRESH MUMBAI CARD XX3552,,799.00,,-507751.00
10-03-2026,10-03-2026,POS 744415 RELIANCE FRESH MUMBAI CARD XX9491,,149.00,,-507900.00
10-03-2026,10-03-2026,UPI/DR/300000573/BB/merch@ybl/Payment,,149.00,,-508049.00
11-03-2026,11-03-2026,POS 546539 RELIANCE FRESH MUMBAI CARD XX6755,,2499.00,,-510548.00
11-03-2026,11-03-2026,POS 739881 RELIANCE FRESH MUMBAI CARD XX2741,,799.00,,-511347.00
11-03-2026,11-03-2026,UPI/DR/300000576/ZOMATO/zomato@paytm/Food,,299.00,,-511646.00
11-03-2026,11-03-2026,UPI/DR/300000577/UBER/merch@ybl/Payment,,199.00,,-511845.00
12-03-2026,12-03-2026,UPI/DR/665544332211/NETFLIX/netflix@icici/OTT,,499.00,,-512344.00
12-03-2026,12-03-2026,POS 539020 RELIANCE FRESH MUMBAI CARD XX5699,,1899.00,,-514243.00
12-03-2026,12-03-2026,POS 458046 RELIANCE FRESH MUMBAI CARD XX8605,,499.00,,-514742.00
12-03-2026,12-03-2026,POS 604153 RELIANCE FRESH MUMBAI CARD XX5680,,1899.00,,-516641.00
12-03-2026,12-03-2026,UPI/DR/300000582/PE/merch@ybl/Payment,,249.00,,-516890.00
13-03-2026,13-03-2026,POS 992905 RELIANCE FRESH MUMBAI CARD XX8136,,1299.00,,-518189.00
13-03-2026,13-03-2026,POS 665602 RELIANCE FRESH MUMBAI CARD XX3556,,1899.00,,-520088.00
13-03-2026,13-03-2026,UPI/DR/300000585/AIRTEL/merch@ybl/Payment,,149.00,,-520237.00
13-03-2026,13-03-2026,UPI/DR/300000586/BB/merch@ybl/Payment,,349.00,,-520586.00
14-03-2026,14-03-2026,POS 279861 RELIANCE FRESH MUMBAI CARD XX2876,,1899.00,,-522485.00
14-03-2026,14-03-2026,POS 191735 RELIANCE FRESH MUMBAI CARD XX3172,,499.00,,-522984.00
14-03-2026,14-03-2026,POS 128980 RELIANCE FRESH MUMBAI CARD XX7722,,349.00,,-523333.00
14-03-2026,14-03-2026,UPI/DR/300000590/OLA/merch@ybl/Payment,,199.00,,-523532.00
15-03-2026,15-03-2026,NEFT DR-HDFC0099887-SUN LARGE-N300000591,300000591,95000.00,,-618532.00
15-03-2026,15-03-2026,POS 375970 RELIANCE FRESH MUMBAI CARD XX2961,,2499.00,,-621031.00
15-03-2026,15-03-2026,POS 766039 DMART POWAI MUMBAI CARD XX7699,,199.00,,-621230.00
15-03-2026,15-03-2026,UPI/DR/554433221100/SPOTIFY/spotify@paytm/Music,,119.00,,-621349.00
15-03-2026,15-03-2026,UPI/DR/300000595/ZOMATO/zomato@paytm/Food,,299.00,,-621648.00
15-03-2026,15-03-2026,UPI/DR/300000596/OLA/merch@ybl/Payment,,299.00,,-621947.00
16-03-2026,16-03-2026,POS 503144 DMART POWAI MUMBAI CARD XX3992,,299.00,,-622246.00
16-03-2026,16-03-2026,UPI/DR/300000598/AMZ/merch@ybl/Payment,,99.00,,-622345.00
16-03-2026,16-03-2026,UPI/DR/300000599/SWIGGY/swiggy@ybl/Food,,99.00,,-622444.00
16-03-2026,16-03-2026,UPI/DR/300000600/OLA/merch@ybl/Payment,,349.00,,-622793.00
17-03-2026,17-03-2026,POS 179725 RELIANCE FRESH MUMBAI CARD XX1441,,149.00,,-622942.00
17-03-2026,17-03-2026,POS 349727 RELIANCE FRESH MUMBAI CARD XX4901,,799.00,,-623741.00
17-03-2026,17-03-2026,UPI/DR/300000603/AIRTEL/merch@ybl/Payment,,799.00,,-624540.00
17-03-2026,17-03-2026,UPI/DR/300000604/ZOMATO/zomato@paytm/Food,,249.00,,-624789.00
18-03-2026,18-03-2026,UPI/DR/443322110099/AMAZON PAY/amazonpay@icici/Prime,,299.00,,-625088.00
18-03-2026,18-03-2026,UPI/DR/300000606/AIRTEL/merch@ybl/Payment,,799.00,,-625887.00
18-03-2026,18-03-2026,UPI/DR/300000607/BB/merch@ybl/Payment,,349.00,,-626236.00
18-03-2026,18-03-2026,UPI/DR/300000608/OLA/merch@ybl/Payment,,349.00,,-626585.00
18-03-2026,18-03-2026,UPI/DR/300000609/PE/merch@ybl/Payment,,299.00,,-626884.00
19-03-2026,19-03-2026,POS 912324 DMART POWAI MUMBAI CARD XX8072,,199.00,,-627083.00
19-03-2026,19-03-2026,POS 893256 RELIANCE FRESH MUMBAI CARD XX8439,,199.00,,-627282.00
19-03-2026,19-03-2026,POS 845646 RELIANCE FRESH MUMBAI CARD XX1231,,1299.00,,-628581.00
19-03-2026,19-03-2026,UPI/DR/300000613/RAP/merch@ybl/Payment,,349.00,,-628930.00
20-03-2026,20-03-2026,UPI/DR/332211009988/HOTSTAR/hotstar@paytm/Video,,299.00,,-629229.00
20-03-2026,20-03-2026,POS 347087 RELIANCE FRESH MUMBAI CARD XX6642,,1299.00,,-630528.00
20-03-2026,20-03-2026,POS 720130 DMART POWAI MUMBAI CARD XX8885,,2499.00,,-633027.00
20-03-2026,20-03-2026,POS 375708 RELIANCE FRESH MUMBAI CARD XX2005,,299.00,,-633326.00
20-03-2026,20-03-2026,POS 366585 RELIANCE FRESH MUMBAI CARD XX1715,,49.00,,-633375.00
21-03-2026,21-03-2026,POS 953993 RELIANCE FRESH MUMBAI CARD XX9924,,799.00,,-634174.00
21-03-2026,21-03-2026,POS 140916 RELIANCE FRESH MUMBAI CARD XX6269,,799.00,,-634973.00
21-03-2026,21-03-2026,UPI/DR/300000621/ZOMATO/zomato@paytm/Food,,199.00,,-635172.00
21-03-2026,21-03-2026,UPI/DR/300000622/NETMEDS/merch@ybl/Payment,,49.00,,-635221.00
22-03-2026,22-03-2026,POS 928532 DMART POWAI MUMBAI CARD XX4586,,1899.00,,-637120.00
22-03-2026,22-03-2026,POS 689348 RELIANCE FRESH MUMBAI CARD XX3546,,49.00,,-637169.00
22-03-2026,22-03-2026,POS 828835 RELIANCE FRESH MUMBAI CARD XX6098,,1899.00,,-639068.00
22-03-2026,22-03-2026,UPI/DR/300000626/VI/merch@ybl/Payment,,799.00,,-639867.00
23-03-2026,23-03-2026,POS 281339 RELIANCE FRESH MUMBAI CARD XX2103,,99.00,,-639966.00
23-03-2026,23-03-2026,POS 154307 RELIANCE FRESH MUMBAI CARD XX6643,,49.00,,-640015.00
23-03-2026,23-03-2026,UPI/DR/300000629/BB/merch@ybl/Payment,,499.00,,-640514.00
23-03-2026,23-03-2026,UPI/DR/300000630/OLA/merch@ybl/Payment,,99.00,,-640613.00
24-03-2026,24-03-2026,POS 295637 RELIANCE FRESH MUMBAI CARD XX5028,,49.00,,-640662.00
24-03-2026,24-03-2026,POS 968873 DMART POWAI MUMBAI CARD XX8193,,2499.00,,-643161.00
24-03-2026,24-03-2026,POS 485896 RELIANCE FRESH MUMBAI CARD XX3674,,1899.00,,-645060.00
24-03-2026,24-03-2026,POS 753654 RELIANCE FRESH MUMBAI CARD XX7146,,499.00,,-645559.00
25-03-2026,25-03-2026,POS 287125 RELIANCE FRESH MUMBAI CARD XX6618,,349.00,,-645908.00
25-03-2026,25-03-2026,ECOM AMAZON.IN CARD XXXX9369,,799.00,,-646707.00
25-03-2026,25-03-2026,POS 679353 DMART POWAI MUMBAI CARD XX5659,,1899.00,,-648606.00
25-03-2026,25-03-2026,POS 378109 RELIANCE FRESH MUMBAI CARD XX3982,,799.00,,-649405.00
26-03-2026,26-03-2026,POS 935433 RELIANCE FRESH MUMBAI CARD XX6944,,2499.00,,-651904.00
26-03-2026,26-03-2026,UPI/DR/300000640/JIO/merch@ybl/Payment,,49.00,,-651953.00
26-03-2026,26-03-2026,UPI/DR/300000641/NETMEDS/merch@ybl/Payment,,799.00,,-652752.00
26-03-2026,26-03-2026,UPI/DR/300000642/PE/merch@ybl/Payment,,249.00,,-653001.00
27-03-2026,27-03-2026,UPI/DR/300000643/BB/merch@ybl/Payment,,2499.00,,-655500.00
27-03-2026,27-03-2026,UPI/DR/300000644/NETMEDS/merch@ybl/Payment,,2499.00,,-657999.00
27-03-2026,27-03-2026,UPI/DR/300000645/OLA/merch@ybl/Payment,,2499.00,,-660498.00
27-03-2026,27-03-2026,UPI/DR/300000646/OLA/merch@ybl/Payment,,199.00,,-660697.00
28-03-2026,28-03-2026,POS 445566 FOREX LOAD SINGAPORE MUMBAI CARD XX2233,,41000.00,,-701697.00
28-03-2026,28-03-2026,POS 876648 RELIANCE FRESH MUMBAI CARD XX3515,,299.00,,-701996.00
28-03-2026,28-03-2026,UPI/DR/300000649/SWIGGY/swiggy@ybl/Food,,2499.00,,-704495.00
28-03-2026,28-03-2026,UPI/DR/300000650/JIO/merch@ybl/Payment,,299.00,,-704794.00
28-03-2026,28-03-2026,UPI/DR/300000651/NETMEDS/merch@ybl/Payment,,199.00,,-704993.00
29-03-2026,29-03-2026,POS 394505 RELIANCE FRESH MUMBAI CARD XX8055,,299.00,,-705292.00
29-03-2026,29-03-2026,POS 341692 RELIANCE FRESH MUMBAI CARD XX5511,,199.00,,-705491.00
29-03-2026,29-03-2026,POS 181084 RELIANCE FRESH MUMBAI CARD XX5770,,1899.00,,-707390.00
29-03-2026,29-03-2026,UPI/DR/300000655/NETMEDS/merch@ybl/Payment,,2499.00,,-709889.00
30-03-2026,30-03-2026,POS 769257 RELIANCE FRESH MUMBAI CARD XX8217,,299.00,,-710188.00
30-03-2026,30-03-2026,POS 770011 RELIANCE FRESH MUMBAI CARD XX3946,,499.00,,-710687.00
30-03-2026,30-03-2026,POS 455427 RELIANCE FRESH MUMBAI CARD XX9442,,799.00,,-711486.00
30-03-2026,30-03-2026,POS 844272 RELIANCE FRESH MUMBAI CARD XX7926,,199.00,,-711685.00
30-03-2026,30-03-2026,UPI/DR/300000660/RAP/merch@ybl/Payment,,499.00,,-712184.00
31-03-2026,31-03-2026,POS 144175 RELIANCE FRESH MUMBAI CARD XX7880,,249.00,,-712433.00
31-03-2026,31-03-2026,POS 936678 RELIANCE FRESH MUMBAI CARD XX4715,,2499.00,,-714932.00
31-03-2026,31-03-2026,UPI/DR/300000663/OLA/merch@ybl/Payment,,149.00,,-715081.00
31-03-2026,31-03-2026,UPI/DR/300000664/VI/merch@ybl/Payment,,349.00,,-715430.00
01-04-2026,01-04-2026,NEFT CR ABC TECHNOLOGIES PVT LTD SALARY APR26,300000665,,85000.00,-630430.00
01-04-2026,01-04-2026,POS 221959 RELIANCE FRESH MUMBAI CARD XX4756,,99.00,,-630529.00
01-04-2026,01-04-2026,POS 552656 DMART POWAI MUMBAI CARD XX5909,,799.00,,-631328.00
01-04-2026,01-04-2026,POS 750851 RELIANCE FRESH MUMBAI CARD XX5197,,1899.00,,-633227.00
01-04-2026,01-04-2026,UPI/DR/300000669/JIO/merch@ybl/Payment,,249.00,,-633476.00
02-04-2026,02-04-2026,POS 556677 MCDONALDS ANDHERI W MUMBAI CARD XX4964,,2500.00,,-635976.00
02-04-2026,02-04-2026,POS 556677 MCDONALDS ANDHERI W MUMBAI CARD XX6525,,2500.00,,-638476.00
02-04-2026,02-04-2026,ECOM AMAZON.IN CARD XXXX4506,,1899.00,,-640375.00
02-04-2026,02-04-2026,POS 877991 RELIANCE FRESH MUMBAI CARD XX6077,,199.00,,-640574.00
02-04-2026,02-04-2026,UPI/DR/300000674/AIRTEL/merch@ybl/Payment,,99.00,,-640673.00
02-04-2026,02-04-2026,UPI/DR/300000675/OLA/merch@ybl/Payment,,49.00,,-640722.00
03-04-2026,03-04-2026,POS 501878 RELIANCE FRESH MUMBAI CARD XX4336,,299.00,,-641021.00
03-04-2026,03-04-2026,POS 537947 RELIANCE FRESH MUMBAI CARD XX2497,,799.00,,-641820.00
03-04-2026,03-04-2026,POS 550889 RELIANCE FRESH MUMBAI CARD XX6620,,799.00,,-642619.00
03-04-2026,03-04-2026,UPI/DR/300000679/PE/merch@ybl/Payment,,249.00,,-642868.00
04-04-2026,04-04-2026,POS 499059 RELIANCE FRESH MUMBAI CARD XX6584,,199.00,,-643067.00
04-04-2026,04-04-2026,POS 913280 RELIANCE FRESH MUMBAI CARD XX2719,,799.00,,-643866.00
04-04-2026,04-04-2026,UPI/DR/300000682/AIRTEL/merch@ybl/Payment,,1899.00,,-645765.00
04-04-2026,04-04-2026,UPI/DR/300000683/VI/merch@ybl/Payment,,299.00,,-646064.00
05-04-2026,05-04-2026,POS 529870 RELIANCE FRESH MUMBAI CARD XX3298,,99.00,,-646163.00
05-04-2026,05-04-2026,POS 849047 DMART POWAI MUMBAI CARD XX2054,,149.00,,-646312.00
05-04-2026,05-04-2026,POS 891513 RELIANCE FRESH MUMBAI CARD XX4793,,249.00,,-646561.00
05-04-2026,05-04-2026,NEFT DR-SBIN0012345-KUMAR-RENT APR26-N300000687,300000687,18000.00,,-664561.00
05-04-2026,05-04-2026,UPI/DR/300000688/AMZ/merch@ybl/Payment,,49.00,,-664610.00
06-04-2026,06-04-2026,POS 265012 RELIANCE FRESH MUMBAI CARD XX9170,,49.00,,-664659.00
06-04-2026,06-04-2026,POS 320382 DMART POWAI MUMBAI CARD XX3641,,299.00,,-664958.00
06-04-2026,06-04-2026,POS 989961 RELIANCE FRESH MUMBAI CARD XX7334,,249.00,,-665207.00
06-04-2026,06-04-2026,POS 808678 RELIANCE FRESH MUMBAI CARD XX7948,,499.00,,-665706.00
07-04-2026,07-04-2026,POS 300664 RELIANCE FRESH MUMBAI CARD XX6780,,249.00,,-665955.00
07-04-2026,07-04-2026,POS 161456 RELIANCE FRESH MUMBAI CARD XX9766,,799.00,,-666754.00
07-04-2026,07-04-2026,POS 204313 RELIANCE FRESH MUMBAI CARD XX3351,,299.00,,-667053.00
07-04-2026,07-04-2026,POS 244709 RELIANCE FRESH MUMBAI CARD XX7766,,49.00,,-667102.00
08-04-2026,08-04-2026,POS 866470 RELIANCE FRESH MUMBAI CARD XX2816,,49.00,,-667151.00
08-04-2026,08-04-2026,UPI/DR/887766554433/ACT FIBERNET/act@axis/Internet,,999.00,,-668150.00
08-04-2026,08-04-2026,POS 381669 RELIANCE FRESH MUMBAI CARD XX4911,,1899.00,,-670049.00
08-04-2026,08-04-2026,POS 793930 RELIANCE FRESH MUMBAI CARD XX4357,,2499.00,,-672548.00
08-04-2026,08-04-2026,UPI/DR/300000701/UBER/merch@ybl/Payment,,99.00,,-672647.00
09-04-2026,09-04-2026,POS 884637 RELIANCE FRESH MUMBAI CARD XX3584,,499.00,,-673146.00
09-04-2026,09-04-2026,UPI/DR/300000703/JIO/merch@ybl/Payment,,99.00,,-673245.00
09-04-2026,09-04-2026,UPI/DR/300000704/NETMEDS/merch@ybl/Payment,,2499.00,,-675744.00
09-04-2026,09-04-2026,UPI/DR/300000705/OLA/merch@ybl/Payment,,249.00,,-675993.00
10-04-2026,10-04-2026,UPI/DR/123456789000/SWIGGY/swiggy@ybl/Food,,120.00,,-676113.00
10-04-2026,10-04-2026,UPI/DR/123456789001/SWIGGY/swiggy@ybl/Food,,137.00,,-676250.00
10-04-2026,10-04-2026,UPI/DR/123456789002/SWIGGY/swiggy@ybl/Food,,154.00,,-676404.00
10-04-2026,10-04-2026,UPI/DR/123456789003/SWIGGY/swiggy@ybl/Food,,171.00,,-676575.00
10-04-2026,10-04-2026,UPI/DR/123456789004/SWIGGY/swiggy@ybl/Food,,188.00,,-676763.00
10-04-2026,10-04-2026,UPI/DR/776655443322/ADANI ELECTRICITY/adani@ybl/Bill,,2982.00,,-679745.00
10-04-2026,10-04-2026,POS 882642 RELIANCE FRESH MUMBAI CARD XX1154,,2499.00,,-682244.00
10-04-2026,10-04-2026,UPI/DR/300000713/AMZ/merch@ybl/Payment,,49.00,,-682293.00
10-04-2026,10-04-2026,UPI/DR/300000714/JIO/merch@ybl/Payment,,499.00,,-682792.00
10-04-2026,10-04-2026,UPI/DR/300000715/PE/merch@ybl/Payment,,199.00,,-682991.00
11-04-2026,11-04-2026,UPI/DR/300000716/AMZ/merch@ybl/Payment,,2499.00,,-685490.00
11-04-2026,11-04-2026,UPI/DR/300000717/JIO/merch@ybl/Payment,,99.00,,-685589.00
11-04-2026,11-04-2026,UPI/DR/300000718/PE/merch@ybl/Payment,,249.00,,-685838.00
11-04-2026,11-04-2026,UPI/DR/300000719/VI/merch@ybl/Payment,,49.00,,-685887.00
12-04-2026,12-04-2026,UPI/DR/665544332211/NETFLIX/netflix@icici/OTT,,499.00,,-686386.00
12-04-2026,12-04-2026,POS 997035 RELIANCE FRESH MUMBAI CARD XX2348,,2499.00,,-688885.00
12-04-2026,12-04-2026,POS 153713 RELIANCE FRESH MUMBAI CARD XX9674,,1899.00,,-690784.00
12-04-2026,12-04-2026,POS 292525 RELIANCE FRESH MUMBAI CARD XX8167,,99.00,,-690883.00
12-04-2026,12-04-2026,POS 569958 RELIANCE FRESH MUMBAI CARD XX7742,,1899.00,,-692782.00
13-04-2026,13-04-2026,POS 620492 RELIANCE FRESH MUMBAI CARD XX9103,,799.00,,-693581.00
13-04-2026,13-04-2026,POS 598020 RELIANCE FRESH MUMBAI CARD XX1569,,49.00,,-693630.00
13-04-2026,13-04-2026,UPI/DR/300000727/BB/merch@ybl/Payment,,1899.00,,-695529.00
13-04-2026,13-04-2026,UPI/DR/300000728/ZOMATO/zomato@paytm/Food,,99.00,,-695628.00
14-04-2026,14-04-2026,UPI/DR/300000729/SWIGGY/swiggy@ybl/Food,,499.00,,-696127.00
14-04-2026,14-04-2026,UPI/DR/300000730/SWIGGY/swiggy@ybl/Food,,249.00,,-696376.00
14-04-2026,14-04-2026,UPI/DR/300000731/JIO/merch@ybl/Payment,,1299.00,,-697675.00
14-04-2026,14-04-2026,UPI/DR/300000732/PE/merch@ybl/Payment,,249.00,,-697924.00
15-04-2026,15-04-2026,ECOM AMAZON.IN CARD XXXX3014,,1899.00,,-699823.00
15-04-2026,15-04-2026,POS 632729 RELIANCE FRESH MUMBAI CARD XX9101,,199.00,,-700022.00
15-04-2026,15-04-2026,UPI/DR/554433221100/SPOTIFY/spotify@paytm/Music,,119.00,,-700141.00
15-04-2026,15-04-2026,UPI/DR/300000736/AMZ/merch@ybl/Payment,,799.00,,-700940.00
15-04-2026,15-04-2026,UPI/DR/300000737/ZOMATO/zomato@paytm/Food,,799.00,,-701739.00
16-04-2026,16-04-2026,POS 693230 RELIANCE FRESH MUMBAI CARD XX7747,,99.00,,-701838.00
16-04-2026,16-04-2026,POS 732170 RELIANCE FRESH MUMBAI CARD XX5889,,199.00,,-702037.00
16-04-2026,16-04-2026,UPI/DR/300000740/SWIGGY/swiggy@ybl/Food,,799.00,,-702836.00
16-04-2026,16-04-2026,UPI/DR/300000741/RAP/merch@ybl/Payment,,1899.00,,-704735.00
17-04-2026,17-04-2026,POS 901488 RELIANCE FRESH MUMBAI CARD XX9096,,799.00,,-705534.00
17-04-2026,17-04-2026,POS 924541 DMART POWAI MUMBAI CARD XX5944,,299.00,,-705833.00
17-04-2026,17-04-2026,POS 896441 RELIANCE FRESH MUMBAI CARD XX4117,,349.00,,-706182.00
17-04-2026,17-04-2026,POS 501468 RELIANCE FRESH MUMBAI CARD XX6264,,499.00,,-706681.00
18-04-2026,18-04-2026,POS 664825 RELIANCE FRESH MUMBAI CARD XX6178,,49.00,,-706730.00
18-04-2026,18-04-2026,POS 172638 RELIANCE FRESH MUMBAI CARD XX4615,,1299.00,,-708029.00
18-04-2026,18-04-2026,POS 385885 RELIANCE FRESH MUMBAI CARD XX4013,,199.00,,-708228.00
18-04-2026,18-04-2026,POS 427609 RELIANCE FRESH MUMBAI CARD XX2448,,499.00,,-708727.00
18-04-2026,18-04-2026,UPI/DR/443322110099/AMAZON PAY/amazonpay@icici/Prime,,299.00,,-709026.00
19-04-2026,19-04-2026,POS 976264 RELIANCE FRESH MUMBAI CARD XX5057,,149.00,,-709175.00
19-04-2026,19-04-2026,POS 181154 DMART POWAI MUMBAI CARD XX5788,,249.00,,-709424.00
19-04-2026,19-04-2026,POS 211116 RELIANCE FRESH MUMBAI CARD XX6476,,199.00,,-709623.00
19-04-2026,19-04-2026,UPI/DR/300000754/JIO/merch@ybl/Payment,,99.00,,-709722.00
20-04-2026,20-04-2026,UPI/DR/332211009988/HOTSTAR/hotstar@paytm/Video,,299.00,,-710021.00
20-04-2026,20-04-2026,POS 567025 RELIANCE FRESH MUMBAI CARD XX3501,,1299.00,,-711320.00
20-04-2026,20-04-2026,UPI/DR/300000757/BMS/merch@ybl/Payment,,1899.00,,-713219.00
20-04-2026,20-04-2026,UPI/DR/300000758/NETMEDS/merch@ybl/Payment,,2499.00,,-715718.00
20-04-2026,20-04-2026,UPI/DR/300000759/RAP/merch@ybl/Payment,,149.00,,-715867.00
21-04-2026,21-04-2026,ECOM AMAZON.IN CARD XXXX1029,,299.00,,-716166.00
21-04-2026,21-04-2026,POS 460129 RELIANCE FRESH MUMBAI CARD XX2954,,1299.00,,-717465.00
21-04-2026,21-04-2026,POS 278109 RELIANCE FRESH MUMBAI CARD XX2615,,99.00,,-717564.00
21-04-2026,21-04-2026,POS 895116 RELIANCE FRESH MUMBAI CARD XX2590,,99.00,,-717663.00
22-04-2026,22-04-2026,POS 407117 RELIANCE FRESH MUMBAI CARD XX7313,,249.00,,-717912.00
22-04-2026,22-04-2026,POS 984381 RELIANCE FRESH MUMBAI CARD XX6521,,149.00,,-718061.00
22-04-2026,22-04-2026,UPI/DR/300000766/BB/merch@ybl/Payment,,2499.00,,-720560.00
22-04-2026,22-04-2026,UPI/DR/300000767/VI/merch@ybl/Payment,,149.00,,-720709.00
22-04-2026,22-04-2026,UPI/DR/300000768/VI/merch@ybl/Payment,,249.00,,-720958.00
23-04-2026,23-04-2026,POS 341288 RELIANCE FRESH MUMBAI CARD XX7823,,199.00,,-721157.00
23-04-2026,23-04-2026,POS 440438 RELIANCE FRESH MUMBAI CARD XX9091,,349.00,,-721506.00
23-04-2026,23-04-2026,UPI/DR/300000771/BB/merch@ybl/Payment,,49.00,,-721555.00
23-04-2026,23-04-2026,UPI/DR/300000772/NETMEDS/merch@ybl/Payment,,499.00,,-722054.00
24-04-2026,24-04-2026,POS 825644 RELIANCE FRESH MUMBAI CARD XX1047,,49.00,,-722103.00
24-04-2026,24-04-2026,POS 271350 RELIANCE FRESH MUMBAI CARD XX4646,,349.00,,-722452.00
24-04-2026,24-04-2026,POS 688874 RELIANCE FRESH MUMBAI CARD XX5456,,1299.00,,-723751.00
24-04-2026,24-04-2026,POS 361758 RELIANCE FRESH MUMBAI CARD XX1236,,499.00,,-724250.00
25-04-2026,25-04-2026,POS 152661 RELIANCE FRESH MUMBAI CARD XX8066,,149.00,,-724399.00
25-04-2026,25-04-2026,UPI/DR/300000778/AMZ/merch@ybl/Payment,,199.00,,-724598.00
25-04-2026,25-04-2026,UPI/DR/300000779/BMS/merch@ybl/Payment,,49.00,,-724647.00
25-04-2026,25-04-2026,UPI/DR/300000780/JIO/merch@ybl/Payment,,49.00,,-724696.00
26-04-2026,26-04-2026,POS 694871 RELIANCE FRESH MUMBAI CARD XX1067,,199.00,,-724895.00
26-04-2026,26-04-2026,POS 677558 DMART POWAI MUMBAI CARD XX6598,,149.00,,-725044.00
26-04-2026,26-04-2026,POS 155903 RELIANCE FRESH MUMBAI CARD XX4417,,299.00,,-725343.00
26-04-2026,26-04-2026,UPI/DR/300000784/PE/merch@ybl/Payment,,199.00,,-725542.00
27-04-2026,27-04-2026,POS 428341 RELIANCE FRESH MUMBAI CARD XX1192,,499.00,,-726041.00
27-04-2026,27-04-2026,POS 299569 RELIANCE FRESH MUMBAI CARD XX5940,,2499.00,,-728540.00
27-04-2026,27-04-2026,POS 440996 RELIANCE FRESH MUMBAI CARD XX9700,,199.00,,-728739.00
27-04-2026,27-04-2026,UPI/DR/300000788/AIRTEL/merch@ybl/Payment,,199.00,,-728938.00
28-04-2026,28-04-2026,POS 786766 DMART POWAI MUMBAI CARD XX8150,,99.00,,-729037.00
28-04-2026,28-04-2026,POS 386614 RELIANCE FRESH MUMBAI CARD XX3884,,499.00,,-729536.00
28-04-2026,28-04-2026,POS 808386 RELIANCE FRESH MUMBAI CARD XX2645,,1899.00,,-731435.00
28-04-2026,28-04-2026,UPI/DR/300000792/SWIGGY/swiggy@ybl/Food,,99.00,,-731534.00
29-04-2026,29-04-2026,POS 977667 RELIANCE FRESH MUMBAI CARD XX1871,,299.00,,-731833.00
29-04-2026,29-04-2026,POS 888747 RELIANCE FRESH MUMBAI CARD XX7441,,199.00,,-732032.00
29-04-2026,29-04-2026,UPI/DR/300000795/RAP/merch@ybl/Payment,,249.00,,-732281.00
29-04-2026,29-04-2026,UPI/DR/300000796/UBER/merch@ybl/Payment,,149.00,,-732430.00
30-04-2026,30-04-2026,POS 711419 RELIANCE FRESH MUMBAI CARD XX3308,,2499.00,,-734929.00
30-04-2026,30-04-2026,POS 180291 RELIANCE FRESH MUMBAI CARD XX9318,,1899.00,,-736828.00
30-04-2026,30-04-2026,POS 318782 RELIANCE FRESH MUMBAI CARD XX5282,,199.00,,-737027.00
30-04-2026,30-04-2026,UPI/DR/300000800/BMS/merch@ybl/Payment,,249.00,,-737276.00
