Date,Description,Ref No.,Debit,Credit,Balance
01/11/2025,NEFT CR ABC COMPANY LTD SALARY NOV25 N000001,500000001,,85000.00,133000.00
01/11/2025,BILL PAYMENT ACT FIBERNET REF000002,500000002,299.00,,132701.00
01/11/2025,UPI P2M PHARMEASY PHARMEASY@IBL 500000003,500000003,1899.00,,130802.00
01/11/2025,UPI P2M RAPIDO RAPIDO@IBL 500000004,500000004,349.00,,130453.00
01/11/2025,UPI P2M VI VI@IBL 500000005,500000005,499.00,,129954.00
02/11/2025,PURCHASE AT MYNTRA.COM ON 02-11-25 CARD XX6677,500000006,49.00,,129905.00
02/11/2025,PURCHASE AT INDIAN OIL ON 02-11-25 CARD XX9994,500000007,1299.00,,128606.00
02/11/2025,PURCHASE AT RELIANCE FRESH ON 02-11-25 CARD XX5112,500000008,799.00,,127807.00
02/11/2025,UPI P2M AMAZON PAY AMAZONPAY@ICICI 500000009,500000009,2499.00,,125308.00
03/11/2025,BILL PAYMENT ACT FIBERNET REF000010,500000010,799.00,,124509.00
03/11/2025,BILL PAYMENT ADANI ELECTRICITY MUMBAI REF000011,500000011,1299.00,,123210.00
03/11/2025,PURCHASE AT HALDIRAMS ON 03-11-25 CARD XX6775,500000012,299.00,,122911.00
03/11/2025,PURCHASE AT INDIAN OIL ON 03-11-25 CARD XX7586,500000013,2499.00,,120412.00
04/11/2025,PURCHASE AT DMART POWAI ON 04-11-25 CARD XX5864,500000014,799.00,,119613.00
04/11/2025,PURCHASE AT FORTIS HOSPITAL ON 04-11-25 CARD XX2815,500000015,1299.00,,118314.00
04/11/2025,PURCHASE AT FORTIS HOSPITAL ON 04-11-25 CARD XX1751,500000016,349.00,,117965.00
04/11/2025,UPI P2M PHARMEASY PHARMEASY@IBL 500000017,500000017,1299.00,,116666.00
05/11/2025,PURCHASE AT MYNTRA.COM ON 05-11-25 CARD XX8399,500000018,1299.00,,115367.00
05/11/2025,PURCHASE AT DMART POWAI ON 05-11-25 CARD XX8861,500000019,2499.00,,112868.00
05/11/2025,PURCHASE AT HALDIRAMS ON 05-11-25 CARD XX1750,500000020,1299.00,,111569.00
05/11/2025,NEFT DR TO LANDLORD RENT NOV25 N000021,500000021,18000.00,,93569.00
05/11/2025,UPI P2M BOOKMYSHOW BMS@ICICI 500000022,500000022,299.00,,93270.00
06/11/2025,UPI P2M SWIGGY SWIGGY@PAYTM 500000023,500000023,799.00,,92471.00
06/11/2025,BILL PAYMENT JIO PREPAID REF000024,500000024,1299.00,,91172.00
06/11/2025,UPI P2M NETMEDS NETMEDS@YBL 500000025,500000025,349.00,,90823.00
06/11/2025,UPI P2M UBER UBER@AXISBANK 500000026,500000026,99.00,,90724.00
07/11/2025,PURCHASE AT HP PETROL ON 07-11-25 CARD XX4619,500000027,199.00,,90525.00
07/11/2025,PURCHASE AT INDIAN OIL ON 07-11-25 CARD XX8476,500000028,299.00,,90226.00
07/11/2025,PURCHASE AT MCDONALDS ON 07-11-25 CARD XX3094,500000029,1299.00,,88927.00
07/11/2025,PURCHASE AT PVR CINEMAS ON 07-11-25 CARD XX5850,500000030,499.00,,88428.00
08/11/2025,BILL PAYMENT ACT FIBERNET REF000031,500000031,999.00,,87429.00
08/11/2025,PURCHASE AT DOMINOS ON 08-11-25 CARD XX5245,500000032,99.00,,87330.00
08/11/2025,PURCHASE AT FORTIS HOSPITAL ON 08-11-25 CARD XX4924,500000033,149.00,,87181.00
08/11/2025,PURCHASE AT KFC ON 08-11-25 CARD XX4030,500000034,299.00,,86882.00
08/11/2025,PURCHASE AT RELIANCE FRESH ON 08-11-25 CARD XX6369,500000035,249.00,,86633.00
09/11/2025,PURCHASE AT FLIPKART.COM ON 09-11-25 CARD XX6002,500000036,1899.00,,84734.00
09/11/2025,PURCHASE AT HALDIRAMS ON 09-11-25 CARD XX8918,500000037,99.00,,84635.00
09/11/2025,PURCHASE AT RELIANCE FRESH ON 09-11-25 CARD XX9589,500000038,99.00,,84536.00
09/11/2025,UPI P2M AIRTEL AIRTEL@YBL 500000039,500000039,349.00,,84187.00
10/11/2025,BILL PAYMENT ADANI ELECTRICITY MUMBAI REF000040,500000040,99.00,,84088.00
10/11/2025,BILL PAYMENT ADANI ELECTRICITY MUMBAI REF000041,500000041,3411.00,,80677.00
10/11/2025,PURCHASE AT FLIPKART.COM ON 10-11-25 CARD XX5552,500000042,49.00,,80628.00
10/11/2025,PURCHASE AT PVR CINEMAS ON 10-11-25 CARD XX9408,500000043,1299.00,,79329.00
10/11/2025,UPI P2M PHARMEASY PHARMEASY@IBL 500000044,500000044,149.00,,79180.00
11/11/2025,PURCHASE AT BHARAT PETROLEUM ON 11-11-25 CARD XX8759,500000045,1299.00,,77881.00
11/11/2025,PURCHASE AT DMART POWAI ON 11-11-25 CARD XX3421,500000046,199.00,,77682.00
11/11/2025,PURCHASE AT FLIPKART.COM ON 11-11-25 CARD XX1048,500000047,99.00,,77583.00
11/11/2025,UPI P2M AIRTEL AIRTEL@YBL 500000048,500000048,149.00,,77434.00
12/11/2025,UPI P2M NETFLIX NETFLIX@ICICI 500000049,500000049,499.00,,76935.00
12/11/2025,PURCHASE AT HALDIRAMS ON 12-11-25 CARD XX2940,500000050,499.00,,76436.00
12/11/2025,UPI P2M BIGBASKET BIGBASKET@YBL 500000051,500000051,249.00,,76187.00
12/11/2025,UPI P2M NETMEDS NETMEDS@YBL 500000052,500000052,49.00,,76138.00
12/11/2025,UPI P2M RAPIDO RAPIDO@IBL 500000053,500000053,2499.00,,73639.00
13/11/2025,PURCHASE AT FLIPKART.COM ON 13-11-25 CARD XX8381,500000054,1899.00,,71740.00
13/11/2025,PURCHASE AT INOX ON 13-11-25 CARD XX4152,500000055,299.00,,71441.00
13/11/2025,PURCHASE AT MCDONALDS ON 13-11-25 CARD XX2249,500000056,1899.00,,69542.00
13/11/2025,UPI P2M OLA OLA@YBL 500000057,500000057,199.00,,69343.00
14/11/2025,PURCHASE AT HP PETROL ON 14-11-25 CARD XX1965,500000058,299.00,,69044.00
14/11/2025,UPI P2M AIRTEL AIRTEL@YBL 500000059,500000059,49.00,,68995.00
14/11/2025,BILL PAYMENT JIO PREPAID REF000060,500000060,299.00,,68696.00
14/11/2025,UPI P2M VI VI@IBL 500000061,500000061,299.00,,68397.00
15/11/2025,PURCHASE AT CCD ON 15-11-25 CARD XX9935,500000062,199.00,,68198.00
15/11/2025,PURCHASE AT FLIPKART.COM ON 15-11-25 CARD XX3644,500000063,249.00,,67949.00
15/11/2025,PURCHASE AT KFC ON 15-11-25 CARD XX8134,500000064,1899.00,,66050.00
15/11/2025,PURCHASE AT STARBUCKS ON 15-11-25 CARD XX4580,500000065,249.00,,65801.00
15/11/2025,UPI P2M SPOTIFY SPOTIFY@YBL 500000066,500000066,119.00,,65682.00
16/11/2025,PURCHASE AT BHARAT PETROLEUM ON 16-11-25 CARD XX7031,500000067,49.00,,65633.00
16/11/2025,PURCHASE AT DOMINOS ON 16-11-25 CARD XX9955,500000068,799.00,,64834.00
16/11/2025,PURCHASE AT STARBUCKS ON 16-11-25 CARD XX6014,500000069,299.00,,64535.00
16/11/2025,PURCHASE AT STARBUCKS ON 16-11-25 CARD XX8092,500000070,1899.00,,62636.00
17/11/2025,BILL PAYMENT ADANI ELECTRICITY MUMBAI REF000071,500000071,1899.00,,60737.00
17/11/2025,PURCHASE AT INOX ON 17-11-25 CARD XX1615,500000072,499.00,,60238.00
17/11/2025,UPI P2M NETMEDS NETMEDS@YBL 500000073,500000073,1899.00,,58339.00
17/11/2025,UPI P2M NETMEDS NETMEDS@YBL 500000074,500000074,149.00,,58190.00
18/11/2025,UPI P2M CRYPTOX EXCHANGE DUBAI CRYPTOX@YBL 500000075,500000075,52000.00,,6190.00
18/11/2025,PURCHASE AT INOX ON 18-11-25 CARD XX3154,500000076,2499.00,,3691.00
18/11/2025,UPI P2M AMAZON PAY AMAZONPAY@ICICI 500000077,500000077,299.00,,3392.00
18/11/2025,UPI P2M ZOMATO ZOMATO@YBL 500000078,500000078,1899.00,,1493.00
18/11/2025,UPI P2M NETMEDS NETMEDS@YBL 500000079,500000079,49.00,,1444.00
18/11/2025,UPI P2M UBER UBER@AXISBANK 500000080,500000080,249.00,,1195.00
19/11/2025,PURCHASE AT BHARAT PETROLEUM ON 19-11-25 CARD XX3883,500000081,349.00,,846.00
19/11/2025,PURCHASE AT FLIPKART.COM ON 19-11-25 CARD XX4715,500000082,99.00,,747.00
19/11/2025,PURCHASE AT INDIAN OIL ON 19-11-25 CARD XX1857,500000083,149.00,,598.00
19/11/2025,UPI P2M ZOMATO ZOMATO@YBL 500000084,500000084,299.00,,299.00
20/11/2025,UPI P2M HOTSTAR HOTSTAR@PAYTM 500000085,500000085,299.00,,0.00
20/11/2025,PURCHASE AT DOMINOS ON 20-11-25 CARD XX6967,500000086,2499.00,,-2499.00
20/11/2025,PURCHASE AT INOX ON 20-11-25 CARD XX3953,500000087,2499.00,,-4998.00
20/11/2025,PURCHASE AT INOX ON 20-11-25 CARD XX8779,500000088,799.00,,-5797.00
20/11/2025,UPI P2M BOOKMYSHOW BMS@ICICI 500000089,500000089,99.00,,-5896.00
21/11/2025,PURCHASE AT APOLLO PHARMACY ON 21-11-25 CARD XX2086,500000090,799.00,,-6695.00
21/11/2025,PURCHASE AT KFC ON 21-11-25 CARD XX9802,500000091,349.00,,-7044.00
21/11/2025,PURCHASE AT MCDONALDS ON 21-11-25 CARD XX3942,500000092,2499.00,,-9543.00
21/11/2025,BILL PAYMENT JIO PREPAID REF000093,500000093,1299.00,,-10842.00
22/11/2025,PURCHASE AT CCD ON 22-11-25 CARD XX1889,500000094,2499.00,,-13341.00
22/11/2025,PURCHASE AT INDIAN OIL ON 22-11-25 CARD XX5461,500000095,2499.00,,-15840.00
22/11/2025,PURCHASE AT KFC ON 22-11-25 CARD XX1620,500000096,1899.00,,-17739.00
22/11/2025,UPI P2M SWIGGY SWIGGY@PAYTM 500000097,500000097,99.00,,-17838.00
23/11/2025,PURCHASE AT FORTIS HOSPITAL ON 23-11-25 CARD XX9096,500000098,249.00,,-18087.00
23/11/2025,UPI P2M BIGBASKET BIGBASKET@YBL 500000099,500000099,799.00,,-18886.00
23/11/2025,UPI P2M ZOMATO ZOMATO@YBL 500000100,500000100,499.00,,-19385.00
23/11/2025,UPI P2M PHARMEASY PHARMEASY@IBL 500000101,500000101,349.00,,-19734.00
24/11/2025,PURCHASE AT MYNTRA.COM ON 24-11-25 CARD XX3177,500000102,2499.00,,-22233.00
24/11/2025,PURCHASE AT APOLLO PHARMACY ON 24-11-25 CARD XX9886,500000103,299.00,,-22532.00
24/11/2025,PURCHASE AT CCD ON 24-11-25 CARD XX9287,500000104,499.00,,-23031.00
24/11/2025,PURCHASE AT FORTIS HOSPITAL ON 24-11-25 CARD XX4426,500000105,149.00,,-23180.00
25/11/2025,BILL PAYMENT ADANI ELECTRICITY MUMBAI REF000106,500000106,49.00,,-23229.00
25/11/2025,BILL PAYMENT ADANI ELECTRICITY MUMBAI REF000107,500000107,199.00,,-23428.00
25/11/2025,PURCHASE AT BHARAT PETROLEUM ON 25-11-25 CARD XX2810,500000108,349.00,,-23777.00
25/11/2025,BILL PAYMENT JIO PREPAID REF000109,500000109,249.00,,-24026.00
26/11/2025,BILL PAYMENT ADANI ELECTRICITY MUMBAI REF000110,500000110,299.00,,-24325.00
26/11/2025,PURCHASE AT APOLLO PHARMACY ON 26-11-25 CARD XX3309,500000111,349.00,,-24674.00
26/11/2025,PURCHASE AT KFC ON 26-11-25 CARD XX5789,500000112,1299.00,,-25973.00
26/11/2025,UPI P2M BOOKMYSHOW BMS@ICICI 500000113,500000113,349.00,,-26322.00
26/11/2025,UPI P2M NETMEDS NETMEDS@YBL 500000114,500000114,249.00,,-26571.00
27/11/2025,FT TO OFFSHORE TEST IMPS 500000115,500000115,89000.00,,-115571.00
27/11/2025,PURCHASE AT KFC ON 27-11-25 CARD XX4570,500000116,249.00,,-115820.00
27/11/2025,PURCHASE AT PVR CINEMAS ON 27-11-25 CARD XX8380,500000117,349.00,,-116169.00
27/11/2025,UPI P2M SWIGGY SWIGGY@PAYTM 500000118,500000118,199.00,,-116368.00
27/11/2025,UPI P2M NETMEDS NETMEDS@YBL 500000119,500000119,499.00,,-116867.00
28/11/2025,BILL PAYMENT ADANI ELECTRICITY MUMBAI REF000120,500000120,1299.00,,-118166.00
28/11/2025,PURCHASE AT MYNTRA.COM ON 28-11-25 CARD XX5592,500000121,2499.00,,-120665.00
28/11/2025,PURCHASE AT PVR CINEMAS ON 28-11-25 CARD XX7871,500000122,2499.00,,-123164.00
28/11/2025,BILL PAYMENT JIO PREPAID REF000123,500000123,1899.00,,-125063.00
29/11/2025,PURCHASE AT DOMINOS ON 29-11-25 CARD XX7695,500000124,99.00,,-125162.00
29/11/2025,UPI P2M NETMEDS NETMEDS@YBL 500000125,500000125,49.00,,-125211.00
29/11/2025,UPI P2M NETMEDS NETMEDS@YBL 500000126,500000126,349.00,,-125560.00
29/11/2025,UPI P2M NETMEDS NETMEDS@YBL 500000127,500000127,149.00,,-125709.00
30/11/2025,PURCHASE AT CCD ON 30-11-25 CARD XX2759,500000128,799.00,,-126508.00
30/11/2025,PURCHASE AT INOX ON 30-11-25 CARD XX9245,500000129,149.00,,-126657.00
30/11/2025,PURCHASE AT PVR CINEMAS ON 30-11-25 CARD XX9790,500000130,199.00,,-126856.00
30/11/2025,UPI P2M BIGBASKET BIGBASKET@YBL 500000131,500000131,299.00,,-127155.00
01/12/2025,NEFT CR ABC COMPANY LTD SALARY DEC25 N000132,500000132,,85000.00,-42155.00
01/12/2025,BILL PAYMENT ACT FIBERNET REF000133,500000133,2499.00,,-44654.00
01/12/2025,PURCHASE AT MYNTRA.COM ON 01-12-25 CARD XX7339,500000134,149.00,,-44803.00
01/12/2025,PURCHASE AT MCDONALDS ON 01-12-25 CARD XX9188,500000135,1299.00,,-46102.00
01/12/2025,UPI P2M BIGBASKET BIGBASKET@YBL 500000136,500000136,199.00,,-46301.00
02/12/2025,PURCHASE AT APOLLO PHARMACY ON 02-12-25 CARD XX3142,500000137,49.00,,-46350.00
02/12/2025,PURCHASE AT DOMINOS ON 02-12-25 CARD XX2049,500000138,349.00,,-46699.00
02/12/2025,PURCHASE AT HALDIRAMS ON 02-12-25 CARD XX9683,500000139,49.00,,-46748.00
02/12/2025,UPI P2M RAPIDO RAPIDO@IBL 500000140,500000140,799.00,,-47547.00
03/12/2025,UPI P2M BINANCE INT BINANCE@IBL 500000141,500000141,48000.00,,-95547.00
03/12/2025,PURCHASE AT APOLLO PHARMACY ON 03-12-25 CARD XX4598,500000142,499.00,,-96046.00
03/12/2025,PURCHASE AT DOMINOS ON 03-12-25 CARD XX9627,500000143,299.00,,-96345.00
03/12/2025,PURCHASE AT INDIAN OIL ON 03-12-25 CARD XX5338,500000144,299.00,,-96644.00
03/12/2025,PURCHASE AT MCDONALDS ON 03-12-25 CARD XX6171,500000145,249.00,,-96893.00
04/12/2025,PURCHASE AT APOLLO PHARMACY ON 04-12-25 CARD XX3339,500000146,2499.00,,-99392.00
04/12/2025,PURCHASE AT INOX ON 04-12-25 CARD XX7535,500000147,249.00,,-99641.00
04/12/2025,PURCHASE AT INDIAN OIL ON 04-12-25 CARD XX1438,500000148,149.00,,-99790.00
04/12/2025,UPI P2M SWIGGY SWIGGY@PAYTM 500000149,500000149,799.00,,-100589.00
05/12/2025,BILL PAYMENT ADANI ELECTRICITY MUMBAI REF000150,500000150,799.00,,-101388.00
05/12/2025,PURCHASE AT MYNTRA.COM ON 05-12-25 CARD XX3337,500000151,299.00,,-101687.00
05/12/2025,PURCHASE AT APOLLO PHARMACY ON 05-12-25 CARD XX5199,500000152,149.00,,-101836.00
05/12/2025,PURCHASE AT BHARAT PETROLEUM ON 05-12-25 CARD XX5514,500000153,1899.00,,-103735.00
05/12/2025,NEFT DR TO LANDLORD RENT DEC25 N000154,500000154,18000.00,,-121735.00
06/12/2025,BILL PAYMENT ADANI ELECTRICITY MUMBAI REF000155,500000155,1299.00,,-123034.00
06/12/2025,PURCHASE AT BHARAT PETROLEUM ON 06-12-25 CARD XX1527,500000156,299.00,,-123333.00
06/12/2025,UPI P2M NETMEDS NETMEDS@YBL 500000157,500000157,299.00,,-123632.00
06/12/2025,UPI P2M VI VI@IBL 500000158,500000158,349.00,,-123981.00
07/12/2025,BILL PAYMENT ADANI ELECTRICITY MUMBAI REF000159,500000159,499.00,,-124480.00
07/12/2025,PURCHASE AT CCD ON 07-12-25 CARD XX4174,500000160,499.00,,-124979.00
07/12/2025,PURCHASE AT DMART POWAI ON 07-12-25 CARD XX8357,500000161,2499.00,,-127478.00
07/12/2025,UPI P2M VI VI@IBL 500000162,500000162,1299.00,,-128777.00
08/12/2025,BILL PAYMENT ADANI ELECTRICITY MUMBAI REF000163,500000163,99.00,,-128876.00
08/12/2025,BILL PAYMENT ACT FIBERNET REF000164,500000164,999.00,,-129875.00
08/12/2025,PURCHASE AT CCD ON 08-12-25 CARD XX4638,500000165,2499.00,,-132374.00
08/12/2025,UPI P2M RAPIDO RAPIDO@IBL 500000166,500000166,149.00,,-132523.00
08/12/2025,UPI P2M UBER UBER@AXISBANK 500000167,500000167,299.00,,-132822.00
08/12/2025,UPI P2M UBER UBER@AXISBANK 500000168,500000168,349.00,,-133171.00
09/12/2025,PURCHASE AT DMART POWAI ON 09-12-25 CARD XX3777,500000169,349.00,,-133520.00
09/12/2025,PURCHASE AT HP PETROL ON 09-12-25 CARD XX2311,500000170,2499.00,,-136019.00
09/12/2025,UPI P2M VI VI@IBL 500000171,500000171,149.00,,-136168.00
09/12/2025,UPI P2M VI VI@IBL 500000172,500000172,349.00,,-136517.00
10/12/2025,BILL PAYMENT ADANI ELECTRICITY MUMBAI REF000173,500000173,2914.00,,-139431.00
10/12/2025,PURCHASE AT CCD ON 10-12-25 CARD XX8636,500000174,1299.00,,-140730.00
10/12/2025,PURCHASE AT FORTIS HOSPITAL ON 10-12-25 CARD XX3502,500000175,199.00,,-140929.00
10/12/2025,PURCHASE AT MCDONALDS ON 10-12-25 CARD XX8765,500000176,1899.00,,-142828.00
10/12/2025,UPI P2M UBER UBER@AXISBANK 500000177,500000177,299.00,,-143127.00
11/12/2025,PURCHASE AT DMART POWAI ON 11-12-25 CARD XX6809,500000178,299.00,,-143426.00
11/12/2025,PURCHASE AT FORTIS HOSPITAL ON 11-12-25 CARD XX4128,500000179,99.00,,-143525.00
11/12/2025,PURCHASE AT HALDIRAMS ON 11-12-25 CARD XX2708,500000180,99.00,,-143624.00
11/12/2025,PURCHASE AT STARBUCKS ON 11-12-25 CARD XX5188,500000181,299.00,,-143923.00
12/12/2025,UPI P2M NETFLIX NETFLIX@ICICI 500000182,500000182,499.00,,-144422.00
12/12/2025,PURCHASE AT CCD ON 12-12-25 CARD XX1584,500000183,1899.00,,-146321.00
12/12/2025,PURCHASE AT DOMINOS ON 12-12-25 CARD XX1826,500000184,1299.00,,-147620.00
12/12/2025,PURCHASE AT HP PETROL ON 12-12-25 CARD XX9405,500000185,199.00,,-147819.00
12/12/2025,UPI P2M PHARMEASY PHARMEASY@IBL 500000186,500000186,199.00,,-148018.00
12/12/2025,UPI P2M RAPIDO RAPIDO@IBL 500000187,500000187,799.00,,-148817.00
13/12/2025,PURCHASE AT APOLLO PHARMACY ON 13-12-25 CARD XX4290,500000188,1899.00,,-150716.00
13/12/2025,PURCHASE AT FORTIS HOSPITAL ON 13-12-25 CARD XX1385,500000189,799.00,,-151515.00
13/12/2025,UPI P2M SWIGGY SWIGGY@PAYTM 500000190,500000190,1899.00,,-153414.00
13/12/2025,UPI P2M RAPIDO RAPIDO@IBL 500000191,500000191,149.00,,-153563.00
13/12/2025,UPI P2M VI VI@IBL 500000192,500000192,799.00,,-154362.00
14/12/2025,PURCHASE AT DMART POWAI ON 14-12-25 CARD XX7654,500000193,49.00,,-154411.00
14/12/2025,UPI P2M AMAZON PAY AMAZONPAY@ICICI 500000194,500000194,199.00,,-154610.00
14/12/2025,UPI P2M BIGBASKET BIGBASKET@YBL 500000195,500000195,99.00,,-154709.00
14/12/2025,UPI P2M UBER UBER@AXISBANK 500000196,500000196,199.00,,-154908.00
15/12/2025,PURCHASE AT APOLLO PHARMACY ON 15-12-25 CARD XX7150,500000197,199.00,,-155107.00
15/12/2025,PURCHASE AT HP PETROL ON 15-12-25 CARD XX4969,500000198,499.00,,-155606.00
15/12/2025,PURCHASE AT HP PETROL ON 15-12-25 CARD XX9988,500000199,299.00,,-155905.00
15/12/2025,PURCHASE AT PVR CINEMAS ON 15-12-25 CARD XX5520,500000200,199.00,,-156104.00
15/12/2025,UPI P2M SPOTIFY SPOTIFY@YBL 500000201,500000201,119.00,,-156223.00
16/12/2025,BILL PAYMENT ACT FIBERNET REF000202,500000202,1299.00,,-157522.00
16/12/2025,PURCHASE AT KFC ON 16-12-25 CARD XX8925,500000203,799.00,,-158321.00
16/12/2025,PURCHASE AT PVR CINEMAS ON 16-12-25 CARD XX8588,500000204,1899.00,,-160220.00
16/12/2025,UPI P2M BIGBASKET BIGBASKET@YBL 500000205,500000205,49.00,,-160269.00
17/12/2025,PURCHASE AT FORTIS HOSPITAL ON 17-12-25 CARD XX3668,500000206,2499.00,,-162768.00
17/12/2025,PURCHASE AT HALDIRAMS ON 17-12-25 CARD XX7169,500000207,799.00,,-163567.00
17/12/2025,PURCHASE AT MCDONALDS ON 17-12-25 CARD XX8863,500000208,99.00,,-163666.00
17/12/2025,UPI P2M ZOMATO ZOMATO@YBL 500000209,500000209,499.00,,-164165.00
18/12/2025,BILL PAYMENT ADANI ELECTRICITY MUMBAI REF000210,500000210,149.00,,-164314.00
18/12/2025,PURCHASE AT HALDIRAMS ON 18-12-25 CARD XX4555,500000211,349.00,,-164663.00
18/12/2025,UPI P2M AMAZON PAY AMAZONPAY@ICICI 500000212,500000212,299.00,,-164962.00
18/12/2025,BILL PAYMENT JIO PREPAID REF000213,500000213,49.00,,-165011.00
18/12/2025,UPI P2M OLA OLA@YBL 500000214,500000214,799.00,,-165810.00
19/12/2025,PURCHASE AT RELIANCE FRESH ON 19-12-25 CARD XX8777,500000215,1899.00,,-167709.00
19/12/2025,PURCHASE AT RELIANCE FRESH ON 19-12-25 CARD XX1169,500000216,199.00,,-167908.00
19/12/2025,UPI P2M OLA OLA@YBL 500000217,500000217,149.00,,-168057.00
19/12/2025,UPI P2M PHARMEASY PHARMEASY@IBL 500000218,500000218,799.00,,-168856.00
20/12/2025,UPI P2M HOTSTAR HOTSTAR@PAYTM 500000219,500000219,299.00,,-169155.00
20/12/2025,PURCHASE AT BHARAT PETROLEUM ON 20-12-25 CARD XX8560,500000220,2499.00,,-171654.00
20/12/2025,PURCHASE AT FORTIS HOSPITAL ON 20-12-25 CARD XX8609,500000221,249.00,,-171903.00
20/12/2025,PURCHASE AT KFC ON 20-12-25 CARD XX1380,500000222,1899.00,,-173802.00
20/12/2025,UPI P2M UBER UBER@AXISBANK 500000223,500000223,299.00,,-174101.00
21/12/2025,PURCHASE AT BHARAT PETROLEUM ON 21-12-25 CARD XX6600,500000224,349.00,,-174450.00
21/12/2025,UPI P2M NETMEDS NETMEDS@YBL 500000225,500000225,2499.00,,-176949.00
21/12/2025,UPI P2M RAPIDO RAPIDO@IBL 500000226,500000226,2499.00,,-179448.00
21/12/2025,UPI P2M VI VI@IBL 500000227,500000227,149.00,,-179597.00
22/12/2025,PURCHASE AT HP PETROL ON 22-12-25 CARD XX7506,500000228,49.00,,-179646.00
22/12/2025,UPI P2M AIRTEL AIRTEL@YBL 500000229,500000229,799.00,,-180445.00
22/12/2025,UPI P2M BIGBASKET BIGBASKET@YBL 500000230,500000230,199.00,,-180644.00
22/12/2025,UPI P2M BOOKMYSHOW BMS@ICICI 500000231,500000231,349.00,,-180993.00
23/12/2025,PURCHASE AT FORTIS HOSPITAL ON 23-12-25 CARD XX9684,500000232,2499.00,,-183492.00
23/12/2025,PURCHASE AT INOX ON 23-12-25 CARD XX3054,500000233,1899.00,,-185391.00
23/12/2025,UPI P2M AMAZON PAY AMAZONPAY@ICICI 500000234,500000234,499.00,,-185890.00
23/12/2025,UPI P2M SWIGGY SWIGGY@PAYTM 500000235,500000235,799.00,,-186689.00
24/12/2025,PURCHASE AT FLIPKART.COM ON 24-12-25 CARD XX2563,500000236,99.00,,-186788.00
24/12/2025,UPI P2M ZOMATO ZOMATO@YBL 500000237,500000237,349.00,,-187137.00
24/12/2025,UPI P2M UBER UBER@AXISBANK 500000238,500000238,199.00,,-187336.00
24/12/2025,UPI P2M UBER UBER@AXISBANK 500000239,500000239,299.00,,-187635.00
25/12/2025,UPI P2M LARGE GIFT LRGIFT@PAYTM 500000240,500000240,62000.00,,-249635.00
25/12/2025,PURCHASE AT HP PETROL ON 25-12-25 CARD XX7666,500000241,799.00,,-250434.00
25/12/2025,PURCHASE AT STARBUCKS ON 25-12-25 CARD XX9041,500000242,249.00,,-250683.00
25/12/2025,UPI P2M BIGBASKET BIGBASKET@YBL 500000243,500000243,249.00,,-250932.00
25/12/2025,UPI P2M RAPIDO RAPIDO@IBL 500000244,500000244,1899.00,,-252831.00
26/12/2025,PURCHASE AT MYNTRA.COM ON 26-12-25 CARD XX4480,500000245,199.00,,-253030.00
26/12/2025,PURCHASE AT INDIAN OIL ON 26-12-25 CARD XX9450,500000246,1899.00,,-254929.00
26/12/2025,PURCHASE AT MCDONALDS ON 26-12-25 CARD XX5001,500000247,349.00,,-255278.00
26/12/2025,UPI P2M AMAZON PAY AMAZONPAY@ICICI 500000248,500000248,149.00,,-255427.00
27/12/2025,PURCHASE AT DMART POWAI ON 27-12-25 CARD XX3361,500000249,349.00,,-255776.00
27/12/2025,PURCHASE AT DMART POWAI ON 27-12-25 CARD XX7530,500000250,1299.00,,-257075.00
27/12/2025,PURCHASE AT INOX ON 27-12-25 CARD XX8561,500000251,799.00,,-257874.00
27/12/2025,UPI P2M AMAZON PAY AMAZONPAY@ICICI 500000252,500000252,199.00,,-258073.00
28/12/2025,PURCHASE AT MYNTRA.COM ON 28-12-25 CARD XX4966,500000253,49.00,,-258122.00
28/12/2025,PURCHASE AT FORTIS HOSPITAL ON 28-12-25 CARD XX7840,500000254,99.00,,-258221.00
28/12/2025,PURCHASE AT PVR CINEMAS ON 28-12-25 CARD XX1601,500000255,1899.00,,-260120.00
28/12/2025,PURCHASE AT STARBUCKS ON 28-12-25 CARD XX9040,500000256,349.00,,-260469.00
29/12/2025,BILL PAYMENT ACT FIBERNET REF000257,500000257,199.00,,-260668.00
29/12/2025,BILL PAYMENT ADANI ELECTRICITY MUMBAI REF000258,500000258,349.00,,-261017.00
29/12/2025,PURCHASE AT HP PETROL ON 29-12-25 CARD XX5293,500000259,1299.00,,-262316.00
29/12/2025,UPI P2M BIGBASKET BIGBASKET@YBL 500000260,500000260,799.00,,-263115.00
30/12/2025,PURCHASE AT APOLLO PHARMACY ON 30-12-25 CARD XX1717,500000261,299.00,,-263414.00
30/12/2025,PURCHASE AT DMART POWAI ON 30-12-25 CARD XX4535,500000262,199.00,,-263613.00
30/12/2025,PURCHASE AT INOX ON 30-12-25 CARD XX6977,500000263,1299.00,,-264912.00
30/12/2025,UPI P2M NETMEDS NETMEDS@YBL 500000264,500000264,1299.00,,-266211.00
31/12/2025,PURCHASE AT MYNTRA.COM ON 31-12-25 CARD XX9156,500000265,799.00,,-267010.00
31/12/2025,PURCHASE AT HP PETROL ON 31-12-25 CARD XX7214,500000266,249.00,,-267259.00
31/12/2025,PURCHASE AT PVR CINEMAS ON 31-12-25 CARD XX7738,500000267,299.00,,-267558.00
31/12/2025,BILL PAYMENT JIO PREPAID REF000268,500000268,149.00,,-267707.00
01/01/2026,NEFT CR ABC COMPANY LTD SALARY JAN26 N000269,500000269,,85000.00,-182707.00
01/01/2026,PURCHASE AT DMART POWAI ON 01-01-26 CARD XX8050,500000270,249.00,,-182956.00
01/01/2026,PURCHASE AT HP PETROL ON 01-01-26 CARD XX1755,500000271,499.00,,-183455.00
01/01/2026,UPI P2M RAPIDO RAPIDO@IBL 500000272,500000272,249.00,,-183704.00
01/01/2026,UPI P2M VI VI@IBL 500000273,500000273,99.00,,-183803.00
02/01/2026,PURCHASE AT DMART POWAI ON 02-01-26 CARD XX7919,500000274,49.00,,-183852.00
02/01/2026,PURCHASE AT FORTIS HOSPITAL ON 02-01-26 CARD XX2630,500000275,349.00,,-184201.00
02/01/2026,UPI P2M OLA OLA@YBL 500000276,500000276,149.00,,-184350.00
02/01/2026,UPI P2M VI VI@IBL 500000277,500000277,349.00,,-184699.00
03/01/2026,BILL PAYMENT ADANI ELECTRICITY MUMBAI REF000278,500000278,99.00,,-184798.00
03/01/2026,PURCHASE AT CCD ON 03-01-26 CARD XX7779,500000279,2499.00,,-187297.00
03/01/2026,PURCHASE AT FLIPKART.COM ON 03-01-26 CARD XX7213,500000280,299.00,,-187596.00
03/01/2026,PURCHASE AT HALDIRAMS ON 03-01-26 CARD XX3974,500000281,249.00,,-187845.00
04/01/2026,PURCHASE AT APOLLO PHARMACY ON 04-01-26 CARD XX7267,500000282,1299.00,,-189144.00
04/01/2026,PURCHASE AT KFC ON 04-01-26 CARD XX3570,500000283,1299.00,,-190443.00
04/01/2026,UPI P2M RAPIDO RAPIDO@IBL 500000284,500000284,149.00,,-190592.00
04/01/2026,UPI P2M VI VI@IBL 500000285,500000285,149.00,,-190741.00
05/01/2026,ATM CASH WDL AT KOTAK MAHINDRA BANK BANDRA,500000286,33000.00,,-223741.00
05/01/2026,PURCHASE AT PVR CINEMAS ON 05-01-26 CARD XX8663,500000287,2499.00,,-226240.00
05/01/2026,NEFT DR TO LANDLORD RENT JAN26 N000288,500000288,18000.00,,-244240.00
05/01/2026,UPI P2M AIRTEL AIRTEL@YBL 500000289,500000289,149.00,,-244389.00
05/01/2026,UPI P2M AMAZON PAY AMAZONPAY@ICICI 500000290,500000290,299.00,,-244688.00
05/01/2026,UPI P2M BOOKMYSHOW BMS@ICICI 500000291,500000291,499.00,,-245187.00
06/01/2026,BILL PAYMENT ADANI ELECTRICITY MUMBAI REF000292,500000292,249.00,,-245436.00
06/01/2026,PURCHASE AT DOMINOS ON 06-01-26 CARD XX3787,500000293,99.00,,-245535.00
06/01/2026,PURCHASE AT PVR CINEMAS ON 06-01-26 CARD XX1724,500000294,149.00,,-245684.00
06/01/2026,PURCHASE AT RELIANCE FRESH ON 06-01-26 CARD XX2003,500000295,1299.00,,-246983.00
07/01/2026,BILL PAYMENT ADANI ELECTRICITY MUMBAI REF000296,500000296,199.00,,-247182.00
07/01/2026,BILL PAYMENT ADANI ELECTRICITY MUMBAI REF000297,500000297,2499.00,,-249681.00
07/01/2026,PURCHASE AT INDIAN OIL ON 07-01-26 CARD XX4804,500000298,249.00,,-249930.00
07/01/2026,UPI P2M BIGBASKET BIGBASKET@YBL 500000299,500000299,249.00,,-250179.00
08/01/2026,BILL PAYMENT ACT FIBERNET REF000300,500000300,999.00,,-251178.00
08/01/2026,UPI P2M AIRTEL AIRTEL@YBL 500000301,500000301,149.00,,-251327.00
08/01/2026,UPI P2M BOOKMYSHOW BMS@ICICI 500000302,500000302,349.00,,-251676.00
08/01/2026,UPI P2M OLA OLA@YBL 500000303,500000303,349.00,,-252025.00
08/01/2026,UPI P2M RAPIDO RAPIDO@IBL 500000304,500000304,499.00,,-252524.00
09/01/2026,BILL PAYMENT ADANI ELECTRICITY MUMBAI REF000305,500000305,249.00,,-252773.00
09/01/2026,PURCHASE AT APOLLO PHARMACY ON 09-01-26 CARD XX9280,500000306,799.00,,-253572.00
09/01/2026,PURCHASE AT INDIAN OIL ON 09-01-26 CARD XX3860,500000307,149.00,,-253721.00
09/01/2026,PURCHASE AT INDIAN OIL ON 09-01-26 CARD XX6588,500000308,349.00,,-254070.00
10/01/2026,BILL PAYMENT ADANI ELECTRICITY MUMBAI REF000309,500000309,3389.00,,-257459.00
10/01/2026,PURCHASE AT HP PETROL ON 10-01-26 CARD XX6570,500000310,349.00,,-257808.00
10/01/2026,UPI P2M AIRTEL AIRTEL@YBL 500000311,500000311,249.00,,-258057.00
10/01/2026,UPI P2M SWIGGY SWIGGY@PAYTM 500000312,500000312,349.00,,-258406.00
10/01/2026,UPI P2M ZOMATO ZOMATO@YBL 500000313,500000313,299.00,,-258705.00
11/01/2026,PURCHASE AT CCD ON 11-01-26 CARD XX9775,500000314,349.00,,-259054.00
11/01/2026,PURCHASE AT HP PETROL ON 11-01-26 CARD XX7891,500000315,199.00,,-259253.00
11/01/2026,PURCHASE AT KFC ON 11-01-26 CARD XX6546,500000316,799.00,,-260052.00
11/01/2026,UPI P2M UBER UBER@AXISBANK 500000317,500000317,2499.00,,-262551.00
12/01/2026,UPI P2M NETFLIX NETFLIX@ICICI 500000318,500000318,499.00,,-263050.00
12/01/2026,PURCHASE AT DMART POWAI ON 12-01-26 CARD XX9968,500000319,1299.00,,-264349.00
12/01/2026,PURCHASE AT DOMINOS ON 12-01-26 CARD XX2153,500000320,249.00,,-264598.00
12/01/2026,PURCHASE AT INOX ON 12-01-26 CARD XX7962,500000321,1299.00,,-265897.00
12/01/2026,PURCHASE AT RELIANCE FRESH ON 12-01-26 CARD XX9087,500000322,149.00,,-266046.00
13/01/2026,PURCHASE AT DMART POWAI ON 13-01-26 CARD XX8803,500000323,99.00,,-266145.00
13/01/2026,PURCHASE AT HALDIRAMS ON 13-01-26 CARD XX3774,500000324,1899.00,,-268044.00
13/01/2026,PURCHASE AT INOX ON 13-01-26 CARD XX6015,500000325,199.00,,-268243.00
13/01/2026,PURCHASE AT INOX ON 13-01-26 CARD XX8115,500000326,349.00,,-268592.00
14/01/2026,BILL PAYMENT ADANI ELECTRICITY MUMBAI REF000327,500000327,1299.00,,-269891.00
14/01/2026,PURCHASE AT DMART POWAI ON 14-01-26 CARD XX1342,500000328,99.00,,-269990.00
14/01/2026,PURCHASE AT FORTIS HOSPITAL ON 14-01-26 CARD XX5764,500000329,299.00,,-270289.00
14/01/2026,UPI P2M SWIGGY SWIGGY@PAYTM 500000330,500000330,149.00,,-270438.00
14/01/2026,UPI P2M ZOMATO ZOMATO@YBL 500000331,500000331,499.00,,-270937.00
15/01/2026,PURCHASE AT DOMINOS ON 15-01-26 CARD XX2545,500000332,2499.00,,-273436.00
15/01/2026,PURCHASE AT HALDIRAMS ON 15-01-26 CARD XX9458,500000333,299.00,,-273735.00
15/01/2026,PURCHASE AT HP PETROL ON 15-01-26 CARD XX2104,500000334,799.00,,-274534.00
15/01/2026,UPI P2M SPOTIFY SPOTIFY@YBL 500000335,500000335,119.00,,-274653.00
15/01/2026,UPI P2M PHARMEASY PHARMEASY@IBL 500000336,500000336,2499.00,,-277152.00
16/01/2026,BILL PAYMENT ADANI ELECTRICITY MUMBAI REF000337,500000337,99.00,,-277251.00
16/01/2026,PURCHASE AT HP PETROL ON 16-01-26 CARD XX3375,500000338,1299.00,,-278550.00
16/01/2026,UPI P2M OLA OLA@YBL 500000339,500000339,249.00,,-278799.00
16/01/2026,UPI P2M RAPIDO RAPIDO@IBL 500000340,500000340,249.00,,-279048.00
17/01/2026,PURCHASE AT DOMINOS ON 17-01-26 CARD XX3133,500000341,2499.00,,-281547.00
17/01/2026,UPI P2M AIRTEL AIRTEL@YBL 500000342,500000342,249.00,,-281796.00
17/01/2026,UPI P2M AMAZON PAY AMAZONPAY@ICICI 500000343,500000343,149.00,,-281945.00
17/01/2026,UPI P2M NETMEDS NETMEDS@YBL 500000344,500000344,499.00,,-282444.00
18/01/2026,PURCHASE AT HP PETROL ON 18-01-26 CARD XX6945,500000345,499.00,,-282943.00
18/01/2026,PURCHASE AT STARBUCKS ON 18-01-26 CARD XX8374,500000346,99.00,,-283042.00
18/01/2026,UPI P2M AMAZON PAY AMAZONPAY@ICICI 500000347,500000347,299.00,,-283341.00
18/01/2026,UPI P2M AIRTEL AIRTEL@YBL 500000348,500000348,1899.00,,-285240.00
18/01/2026,UPI P2M UBER UBER@AXISBANK 500000349,500000349,149.00,,-285389.00
19/01/2026,PURCHASE AT HP PETROL ON 19-01-26 CARD XX2965,500000350,1899.00,,-287288.00
19/01/2026,PURCHASE AT RELIANCE FRESH ON 19-01-26 CARD XX1960,500000351,1299.00,,-288587.00
19/01/2026,PURCHASE AT STARBUCKS ON 19-01-26 CARD XX5674,500000352,349.00,,-288936.00
19/01/2026,UPI P2M BIGBASKET BIGBASKET@YBL 500000353,500000353,49.00,,-288985.00
20/01/2026,UPI P2M HOTSTAR HOTSTAR@PAYTM 500000354,500000354,299.00,,-289284.00
20/01/2026,PURCHASE AT BHARAT PETROLEUM ON 20-01-26 CARD XX3543,500000355,349.00,,-289633.00
20/01/2026,PURCHASE AT FLIPKART.COM ON 20-01-26 CARD XX2153,500000356,299.00,,-289932.00
20/01/2026,UPI P2M BOOKMYSHOW BMS@ICICI 500000357,500000357,249.00,,-290181.00
20/01/2026,UPI P2M OLA OLA@YBL 500000358,500000358,349.00,,-290530.00
21/01/2026,BILL PAYMENT ACT FIBERNET REF000359,500000359,1899.00,,-292429.00
21/01/2026,BILL PAYMENT ADANI ELECTRICITY MUMBAI REF000360,500000360,1299.00,,-293728.00
21/01/2026,BILL PAYMENT ADANI ELECTRICITY MUMBAI REF000361,500000361,299.00,,-294027.00
21/01/2026,BILL PAYMENT ADANI ELECTRICITY MUMBAI REF000362,500000362,349.00,,-294376.00
22/01/2026,UPI P2M XYZ TRADING LTD XYZTRD@OKAXIS 500000363,500000363,75000.00,,-369376.00
22/01/2026,BILL PAYMENT ACT FIBERNET REF000364,500000364,49.00,,-369425.00
22/01/2026,PURCHASE AT DOMINOS ON 22-01-26 CARD XX6841,500000365,1899.00,,-371324.00
22/01/2026,UPI P2M NETMEDS NETMEDS@YBL 500000366,500000366,149.00,,-371473.00
22/01/2026,UPI P2M OLA OLA@YBL 500000367,500000367,49.00,,-371522.00
23/01/2026,PURCHASE AT PVR CINEMAS ON 23-01-26 CARD XX4420,500000368,249.00,,-371771.00
23/01/2026,PURCHASE AT STARBUCKS ON 23-01-26 CARD XX9671,500000369,99.00,,-371870.00
23/01/2026,UPI P2M PHARMEASY PHARMEASY@IBL 500000370,500000370,199.00,,-372069.00
23/01/2026,UPI P2M UBER UBER@AXISBANK 500000371,500000371,799.00,,-372868.00
24/01/2026,PURCHASE AT DOMINOS ON 24-01-26 CARD XX2600,500000372,799.00,,-373667.00
24/01/2026,PURCHASE AT PVR CINEMAS ON 24-01-26 CARD XX3856,500000373,49.00,,-373716.00
24/01/2026,UPI P2M PHARMEASY PHARMEASY@IBL 500000374,500000374,99.00,,-373815.00
24/01/2026,UPI P2M RAPIDO RAPIDO@IBL 500000375,500000375,199.00,,-374014.00
25/01/2026,PURCHASE AT MYNTRA.COM ON 25-01-26 CARD XX2232,500000376,2499.00,,-376513.00
25/01/2026,PURCHASE AT BHARAT PETROLEUM ON 25-01-26 CARD XX9880,500000377,49.00,,-376562.00
25/01/2026,PURCHASE AT HALDIRAMS ON 25-01-26 CARD XX9252,500000378,49.00,,-376611.00
25/01/2026,UPI P2M AIRTEL AIRTEL@YBL 500000379,500000379,299.00,,-376910.00
25/01/2026,UPI P2M OLA OLA@YBL 500000380,500000380,1299.00,,-378209.00
26/01/2026,PURCHASE AT FLIPKART.COM ON 26-01-26 CARD XX3774,500000381,249.00,,-378458.00
26/01/2026,PURCHASE AT FLIPKART.COM ON 26-01-26 CARD XX7091,500000382,149.00,,-378607.00
26/01/2026,PURCHASE AT KFC ON 26-01-26 CARD XX2884,500000383,99.00,,-378706.00
26/01/2026,UPI P2M AMAZON PAY AMAZONPAY@ICICI 500000384,500000384,799.00,,-379505.00
27/01/2026,PURCHASE AT DMART POWAI ON 27-01-26 CARD XX1214,500000385,349.00,,-379854.00
27/01/2026,PURCHASE AT RELIANCE FRESH ON 27-01-26 CARD XX1218,500000386,349.00,,-380203.00
27/01/2026,UPI P2M BOOKMYSHOW BMS@ICICI 500000387,500000387,349.00,,-380552.00
27/01/2026,UPI P2M PHARMEASY PHARMEASY@IBL 500000388,500000388,1899.00,,-382451.00
28/01/2026,PURCHASE AT HALDIRAMS ON 28-01-26 CARD XX1785,500000389,499.00,,-382950.00
28/01/2026,UPI P2M AIRTEL AIRTEL@YBL 500000390,500000390,149.00,,-383099.00
28/01/2026,UPI P2M AIRTEL AIRTEL@YBL 500000391,500000391,349.00,,-383448.00
28/01/2026,UPI P2M NETMEDS NETMEDS@YBL 500000392,500000392,199.00,,-383647.00
29/01/2026,BILL PAYMENT ACT FIBERNET REF000393,500000393,149.00,,-383796.00
29/01/2026,BILL PAYMENT ADANI ELECTRICITY MUMBAI REF000394,500000394,49.00,,-383845.00
29/01/2026,PURCHASE AT HALDIRAMS ON 29-01-26 CARD XX7023,500000395,799.00,,-384644.00
29/01/2026,BILL PAYMENT JIO PREPAID REF000396,500000396,49.00,,-384693.00
29/01/2026,UPI P2M OLA OLA@YBL 500000397,500000397,499.00,,-385192.00
30/01/2026,BILL PAYMENT ADANI ELECTRICITY MUMBAI REF000398,500000398,499.00,,-385691.00
30/01/2026,PURCHASE AT MYNTRA.COM ON 30-01-26 CARD XX5898,500000399,99.00,,-385790.00
30/01/2026,PURCHASE AT FLIPKART.COM ON 30-01-26 CARD XX6012,500000400,299.00,,-386089.00
30/01/2026,PURCHASE AT RELIANCE FRESH ON 30-01-26 CARD XX3036,500000401,499.00,,-386588.00
31/01/2026,PURCHASE AT INOX ON 31-01-26 CARD XX1645,500000402,249.00,,-386837.00
31/01/2026,PURCHASE AT KFC ON 31-01-26 CARD XX2418,500000403,799.00,,-387636.00
31/01/2026,UPI P2M SWIGGY SWIGGY@PAYTM 500000404,500000404,499.00,,-388135.00
31/01/2026,UPI P2M NETMEDS NETMEDS@YBL 500000405,500000405,149.00,,-388284.00
01/02/2026,NEFT CR ABC COMPANY LTD SALARY FEB26 N000406,500000406,,85000.00,-303284.00
01/02/2026,BILL PAYMENT ACT FIBERNET REF000407,500000407,349.00,,-303633.00
01/02/2026,PURCHASE AT MYNTRA.COM ON 01-02-26 CARD XX5160,500000408,1899.00,,-305532.00
01/02/2026,PURCHASE AT MYNTRA.COM ON 01-02-26 CARD XX5457,500000409,99.00,,-305631.00
01/02/2026,PURCHASE AT HP PETROL ON 01-02-26 CARD XX6584,500000410,199.00,,-305830.00
02/02/2026,UPI P2M VERIFY PROBE@YBL 500000411,500000411,1.00,,-305831.00
02/02/2026,UPI P2M VERIFY PROBE@YBL 500000412,500000412,1.00,,-305832.00
02/02/2026,BILL PAYMENT ADANI ELECTRICITY MUMBAI REF000413,500000413,499.00,,-306331.00
02/02/2026,UPI P2M OLA OLA@YBL 500000414,500000414,499.00,,-306830.00
02/02/2026,UPI P2M PHARMEASY PHARMEASY@IBL 500000415,500000415,799.00,,-307629.00
02/02/2026,UPI P2M PHARMEASY PHARMEASY@IBL 500000416,500000416,499.00,,-308128.00
03/02/2026,PURCHASE AT INDIAN OIL ON 03-02-26 CARD XX6762,500000417,349.00,,-308477.00
03/02/2026,PURCHASE AT MCDONALDS ON 03-02-26 CARD XX2528,500000418,49.00,,-308526.00
03/02/2026,UPI P2M AMAZON PAY AMAZONPAY@ICICI 500000419,500000419,299.00,,-308825.00
03/02/2026,UPI P2M SWIGGY SWIGGY@PAYTM 500000420,500000420,299.00,,-309124.00
04/02/2026,PURCHASE AT FORTIS HOSPITAL ON 04-02-26 CARD XX2294,500000421,799.00,,-309923.00
04/02/2026,PURCHASE AT KFC ON 04-02-26 CARD XX1644,500000422,349.00,,-310272.00
04/02/2026,PURCHASE AT PVR CINEMAS ON 04-02-26 CARD XX6601,500000423,99.00,,-310371.00
04/02/2026,UPI P2M NETMEDS NETMEDS@YBL 500000424,500000424,249.00,,-310620.00
05/02/2026,PURCHASE AT DMART POWAI ON 05-02-26 CARD XX5899,500000425,2499.00,,-313119.00
05/02/2026,PURCHASE AT HALDIRAMS ON 05-02-26 CARD XX2597,500000426,349.00,,-313468.00
05/02/2026,NEFT DR TO LANDLORD RENT FEB26 N000427,500000427,18000.00,,-331468.00
05/02/2026,UPI P2M AMAZON PAY AMAZONPAY@ICICI 500000428,500000428,249.00,,-331717.00
05/02/2026,UPI P2M BOOKMYSHOW BMS@ICICI 500000429,500000429,199.00,,-331916.00
06/02/2026,PURCHASE AT DMART POWAI ON 06-02-26 CARD XX3366,500000430,249.00,,-332165.00
06/02/2026,PURCHASE AT STARBUCKS ON 06-02-26 CARD XX4407,500000431,349.00,,-332514.00
06/02/2026,UPI P2M AMAZON PAY AMAZONPAY@ICICI 500000432,500000432,1299.00,,-333813.00
06/02/2026,UPI P2M RAPIDO RAPIDO@IBL 500000433,500000433,99.00,,-333912.00
07/02/2026,PURCHASE AT HP PETROL ON 07-02-26 CARD XX1995,500000434,349.00,,-334261.00
07/02/2026,PURCHASE AT KFC ON 07-02-26 CARD XX6356,500000435,499.00,,-334760.00
07/02/2026,BILL PAYMENT JIO PREPAID REF000436,500000436,149.00,,-334909.00
07/02/2026,UPI P2M UBER UBER@AXISBANK 500000437,500000437,799.00,,-335708.00
08/02/2026,BILL PAYMENT ADANI ELECTRICITY MUMBAI REF000438,500000438,149.00,,-335857.00
08/02/2026,BILL PAYMENT ACT FIBERNET REF000439,500000439,999.00,,-336856.00
08/02/2026,PURCHASE AT BHARAT PETROLEUM ON 08-02-26 CARD XX3575,500000440,1299.00,,-338155.00
08/02/2026,PURCHASE AT BHARAT PETROLEUM ON 08-02-26 CARD XX3125,500000441,2499.00,,-340654.00
08/02/2026,PURCHASE AT INOX ON 08-02-26 CARD XX9860,500000442,99.00,,-340753.00
09/02/2026,PURCHASE AT INOX ON 09-02-26 CARD XX6369,500000443,2499.00,,-343252.00
09/02/2026,PURCHASE AT STARBUCKS ON 09-02-26 CARD XX5011,500000444,1899.00,,-345151.00
09/02/2026,UPI P2M ZOMATO ZOMATO@YBL 500000445,500000445,2499.00,,-347650.00
09/02/2026,UPI P2M ZOMATO ZOMATO@YBL 500000446,500000446,349.00,,-347999.00
10/02/2026,BILL PAYMENT ADANI ELECTRICITY MUMBAI REF000447,500000447,2422.00,,-350421.00
10/02/2026,PURCHASE AT DOMINOS ON 10-02-26 CARD XX9180,500000448,2499.00,,-352920.00
10/02/2026,PURCHASE AT FLIPKART.COM ON 10-02-26 CARD XX2410,500000449,799.00,,-353719.00
10/02/2026,PURCHASE AT FLIPKART.COM ON 10-02-26 CARD XX8904,500000450,199.00,,-353918.00
10/02/2026,PURCHASE AT KFC ON 10-02-26 CARD XX6678,500000451,349.00,,-354267.00
11/02/2026,PURCHASE AT HALDIRAMS ON 11-02-26 CARD XX2893,500000452,499.00,,-354766.00
11/02/2026,UPI P2M NETMEDS NETMEDS@YBL 500000453,500000453,99.00,,-354865.00
11/02/2026,UPI P2M VI VI@IBL 500000454,500000454,49.00,,-354914.00
11/02/2026,UPI P2M VI VI@IBL 500000455,500000455,99.00,,-355013.00
12/02/2026,BILL PAYMENT ADANI ELECTRICITY MUMBAI REF000456,500000456,1299.00,,-356312.00
12/02/2026,UPI P2M NETFLIX NETFLIX@ICICI 500000457,500000457,499.00,,-356811.00
12/02/2026,PURCHASE AT CCD ON 12-02-26 CARD XX1859,500000458,299.00,,-357110.00
12/02/2026,PURCHASE AT STARBUCKS ON 12-02-26 CARD XX9060,500000459,1899.00,,-359009.00
12/02/2026,UPI P2M PHARMEASY PHARMEASY@IBL 500000460,500000460,349.00,,-359358.00
13/02/2026,PURCHASE AT MCDONALDS ON 13-02-26 CARD XX2047,500000461,499.00,,-359857.00
13/02/2026,UPI P2M SWIGGY SWIGGY@PAYTM 500000462,500000462,299.00,,-360156.00
13/02/2026,UPI P2M SWIGGY SWIGGY@PAYTM 500000463,500000463,99.00,,-360255.00
13/02/2026,UPI P2M PHARMEASY PHARMEASY@IBL 500000464,500000464,349.00,,-360604.00
14/02/2026,NEFT DR ROUND FIGURE TEST N888777,500000465,100000.00,,-460604.00
14/02/2026,PURCHASE AT STARBUCKS ON 14-02-26 CARD XX2079,500000466,299.00,,-460903.00
14/02/2026,UPI P2M BIGBASKET BIGBASKET@YBL 500000467,500000467,799.00,,-461702.00
14/02/2026,UPI P2M BOOKMYSHOW BMS@ICICI 500000468,500000468,99.00,,-461801.00
14/02/2026,UPI P2M NETMEDS NETMEDS@YBL 500000469,500000469,799.00,,-462600.00
15/02/2026,PURCHASE AT FLIPKART.COM ON 15-02-26 CARD XX9507,500000470,49.00,,-462649.00
15/02/2026,UPI P2M SPOTIFY SPOTIFY@YBL 500000471,500000471,119.00,,-462768.00
15/02/2026,UPI P2M BOOKMYSHOW BMS@ICICI 500000472,500000472,799.00,,-463567.00
15/02/2026,UPI P2M NETMEDS NETMEDS@YBL 500000473,500000473,49.00,,-463616.00
15/02/2026,UPI P2M RAPIDO RAPIDO@IBL 500000474,500000474,299.00,,-463915.00
16/02/2026,BILL PAYMENT ACT FIBERNET REF000475,500000475,249.00,,-464164.00
16/02/2026,PURCHASE AT FORTIS HOSPITAL ON 16-02-26 CARD XX3512,500000476,249.00,,-464413.00
16/02/2026,PURCHASE AT PVR CINEMAS ON 16-02-26 CARD XX7109,500000477,49.00,,-464462.00
16/02/2026,UPI P2M AMAZON PAY AMAZONPAY@ICICI 500000478,500000478,799.00,,-465261.00
17/02/2026,PURCHASE AT APOLLO PHARMACY ON 17-02-26 CARD XX3710,500000479,799.00,,-466060.00
17/02/2026,PURCHASE AT DMART POWAI ON 17-02-26 CARD XX7374,500000480,1299.00,,-467359.00
17/02/2026,PURCHASE AT FLIPKART.COM ON 17-02-26 CARD XX1463,500000481,799.00,,-468158.00
17/02/2026,PURCHASE AT HP PETROL ON 17-02-26 CARD XX4989,500000482,349.00,,-468507.00
18/02/2026,PURCHASE AT HP PETROL ON 18-02-26 CARD XX7609,500000483,299.00,,-468806.00
18/02/2026,PURCHASE AT HP PETROL ON 18-02-26 CARD XX2062,500000484,249.00,,-469055.00
18/02/2026,UPI P2M AMAZON PAY AMAZONPAY@ICICI 500000485,500000485,299.00,,-469354.00
18/02/2026,UPI P2M AIRTEL AIRTEL@YBL 500000486,500000486,1299.00,,-470653.00
18/02/2026,UPI P2M SWIGGY SWIGGY@PAYTM 500000487,500000487,499.00,,-471152.00
19/02/2026,PURCHASE AT CCD ON 19-02-26 CARD XX3557,500000488,199.00,,-471351.00
19/02/2026,PURCHASE AT CCD ON 19-02-26 CARD XX5191,500000489,149.00,,-471500.00
19/02/2026,PURCHASE AT DMART POWAI ON 19-02-26 CARD XX7307,500000490,799.00,,-472299.00
19/02/2026,UPI P2M BOOKMYSHOW BMS@ICICI 500000491,500000491,2499.00,,-474798.00
20/02/2026,UPI P2M HOTSTAR HOTSTAR@PAYTM 500000492,500000492,299.00,,-475097.00
20/02/2026,PURCHASE AT INOX ON 20-02-26 CARD XX5984,500000493,249.00,,-475346.00
20/02/2026,UPI P2M BIGBASKET BIGBASKET@YBL 500000494,500000494,1899.00,,-477245.00
20/02/2026,UPI P2M BIGBASKET BIGBASKET@YBL 500000495,500000495,1299.00,,-478544.00
20/02/2026,UPI P2M SWIGGY SWIGGY@PAYTM 500000496,500000496,199.00,,-478743.00
21/02/2026,PURCHASE AT FORTIS HOSPITAL ON 21-02-26 CARD XX2139,500000497,299.00,,-479042.00
21/02/2026,PURCHASE AT INOX ON 21-02-26 CARD XX1932,500000498,2499.00,,-481541.00
21/02/2026,PURCHASE AT STARBUCKS ON 21-02-26 CARD XX3794,500000499,199.00,,-481740.00
21/02/2026,UPI P2M AMAZON PAY AMAZONPAY@ICICI 500000500,500000500,49.00,,-481789.00
22/02/2026,BILL PAYMENT ACT FIBERNET REF000501,500000501,299.00,,-482088.00
22/02/2026,PURCHASE AT APOLLO PHARMACY ON 22-02-26 CARD XX4017,500000502,2499.00,,-484587.00
22/02/2026,PURCHASE AT DOMINOS ON 22-02-26 CARD XX4010,500000503,149.00,,-484736.00
22/02/2026,PURCHASE AT DOMINOS ON 22-02-26 CARD XX1757,500000504,149.00,,-484885.00
23/02/2026,PURCHASE AT DMART POWAI ON 23-02-26 CARD XX9461,500000505,1299.00,,-486184.00
23/02/2026,PURCHASE AT INOX ON 23-02-26 CARD XX9043,500000506,199.00,,-486383.00
23/02/2026,PURCHASE AT STARBUCKS ON 23-02-26 CARD XX8294,500000507,149.00,,-486532.00
23/02/2026,UPI P2M AMAZON PAY AMAZONPAY@ICICI 500000508,500000508,249.00,,-486781.00
24/02/2026,PURCHASE AT HALDIRAMS ON 24-02-26 CARD XX3886,500000509,799.00,,-487580.00
24/02/2026,PURCHASE AT INDIAN OIL ON 24-02-26 CARD XX6224,500000510,2499.00,,-490079.00
24/02/2026,UPI P2M OLA OLA@YBL 500000511,500000511,199.00,,-490278.00
24/02/2026,UPI P2M UBER UBER@AXISBANK 500000512,500000512,499.00,,-490777.00
25/02/2026,PURCHASE AT HP PETROL ON 25-02-26 CARD XX9709,500000513,249.00,,-491026.00
25/02/2026,PURCHASE AT RELIANCE FRESH ON 25-02-26 CARD XX5909,500000514,299.00,,-491325.00
25/02/2026,UPI P2M BIGBASKET BIGBASKET@YBL 500000515,500000515,499.00,,-491824.00
25/02/2026,UPI P2M BIGBASKET BIGBASKET@YBL 500000516,500000516,199.00,,-492023.00
26/02/2026,PURCHASE AT APOLLO PHARMACY ON 26-02-26 CARD XX6729,500000517,199.00,,-492222.00
26/02/2026,PURCHASE AT CCD ON 26-02-26 CARD XX4778,500000518,299.00,,-492521.00
26/02/2026,PURCHASE AT CCD ON 26-02-26 CARD XX6674,500000519,349.00,,-492870.00
26/02/2026,PURCHASE AT FLIPKART.COM ON 26-02-26 CARD XX6291,500000520,799.00,,-493669.00
27/02/2026,PURCHASE AT PVR CINEMAS ON 27-02-26 CARD XX9490,500000521,149.00,,-493818.00
27/02/2026,UPI P2M SWIGGY SWIGGY@PAYTM 500000522,500000522,99.00,,-493917.00
27/02/2026,BILL PAYMENT JIO PREPAID REF000523,500000523,49.00,,-493966.00
27/02/2026,UPI P2M NETMEDS NETMEDS@YBL 500000524,500000524,49.00,,-494015.00
28/02/2026,BILL PAYMENT ACT FIBERNET REF000525,500000525,349.00,,-494364.00
28/02/2026,UPI P2M AMAZON PAY AMAZONPAY@ICICI 500000526,500000526,49.00,,-494413.00
28/02/2026,UPI P2M BIGBASKET BIGBASKET@YBL 500000527,500000527,1299.00,,-495712.00
28/02/2026,UPI P2M UBER UBER@AXISBANK 500000528,500000528,299.00,,-496011.00
01/03/2026,NEFT CR ABC COMPANY LTD SALARY MAR26 N000529,500000529,,85000.00,-411011.00
01/03/2026,PURCHASE AT DMART POWAI ON 01-03-26 CARD XX1032,500000530,499.00,,-411510.00
01/03/2026,PURCHASE AT FLIPKART.COM ON 01-03-26 CARD XX2911,500000531,99.00,,-411609.00
01/03/2026,PURCHASE AT MCDONALDS ON 01-03-26 CARD XX2391,500000532,299.00,,-411908.00
01/03/2026,PURCHASE AT STARBUCKS ON 01-03-26 CARD XX5788,500000533,249.00,,-412157.00
02/03/2026,PURCHASE AT DMART POWAI ON 02-03-26 CARD XX5805,500000534,199.00,,-412356.00
02/03/2026,PURCHASE AT FORTIS HOSPITAL ON 02-03-26 CARD XX2607,500000535,249.00,,-412605.00
02/03/2026,UPI P2M SWIGGY SWIGGY@PAYTM 500000536,500000536,199.00,,-412804.00
02/03/2026,UPI P2M ZOMATO ZOMATO@YBL 500000537,500000537,499.00,,-413303.00
03/03/2026,BILL PAYMENT ACT FIBERNET REF000538,500000538,499.00,,-413802.00
03/03/2026,BILL PAYMENT ADANI ELECTRICITY MUMBAI REF000539,500000539,1899.00,,-415701.00
03/03/2026,PURCHASE AT HALDIRAMS ON 03-03-26 CARD XX8040,500000540,249.00,,-415950.00
03/03/2026,PURCHASE AT STARBUCKS ON 03-03-26 CARD XX2628,500000541,799.00,,-416749.00
04/03/2026,PURCHASE AT PVR CINEMAS ON 04-03-26 CARD XX8637,500000542,99.00,,-416848.00
04/03/2026,UPI P2M AMAZON PAY AMAZONPAY@ICICI 500000543,500000543,499.00,,-417347.00
04/03/2026,UPI P2M PHARMEASY PHARMEASY@IBL 500000544,500000544,2499.00,,-419846.00
04/03/2026,UPI P2M PHARMEASY PHARMEASY@IBL 500000545,500000545,1299.00,,-421145.00
05/03/2026,BILL PAYMENT ADANI ELECTRICITY MUMBAI REF000546,500000546,249.00,,-421394.00
05/03/2026,PURCHASE AT APOLLO PHARMACY ON 05-03-26 CARD XX4744,500000547,99.00,,-421493.00
05/03/2026,NEFT DR TO LANDLORD RENT MAR26 N000548,500000548,18000.00,,-439493.00
05/03/2026,UPI P2M BIGBASKET BIGBASKET@YBL 500000549,500000549,149.00,,-439642.00
05/03/2026,UPI P2M UBER UBER@AXISBANK 500000550,500000550,349.00,,-439991.00
06/03/2026,BILL PAYMENT ACT FIBERNET REF000551,500000551,2499.00,,-442490.00
06/03/2026,PURCHASE AT FORTIS HOSPITAL ON 06-03-26 CARD XX4110,500000552,149.00,,-442639.00
06/03/2026,UPI P2M AIRTEL AIRTEL@YBL 500000553,500000553,149.00,,-442788.00
06/03/2026,UPI P2M BOOKMYSHOW BMS@ICICI 500000554,500000554,199.00,,-442987.00
07/03/2026,PURCHASE AT DOMINOS ON 07-03-26 CARD XX8498,500000555,1899.00,,-444886.00
07/03/2026,PURCHASE AT INDIAN OIL ON 07-03-26 CARD XX2752,500000556,1299.00,,-446185.00
07/03/2026,UPI P2M ZOMATO ZOMATO@YBL 500000557,500000557,249.00,,-446434.00
07/03/2026,UPI P2M UBER UBER@AXISBANK 500000558,500000558,349.00,,-446783.00
08/03/2026,BILL PAYMENT ACT FIBERNET REF000559,500000559,999.00,,-447782.00
08/03/2026,PURCHASE AT INDIAN OIL ON 08-03-26 CARD XX7305,500000560,799.00,,-448581.00
08/03/2026,PURCHASE AT INDIAN OIL ON 08-03-26 CARD XX9220,500000561,499.00,,-449080.00
08/03/2026,UPI P2M BOOKMYSHOW BMS@ICICI 500000562,500000562,99.00,,-449179.00
08/03/2026,BILL PAYMENT JIO PREPAID REF000563,500000563,499.00,,-449678.00
09/03/2026,BILL PAYMENT ACT FIBERNET REF000564,500000564,499.00,,-450177.00
09/03/2026,PURCHASE AT MYNTRA.COM ON 09-03-26 CARD XX1464,500000565,349.00,,-450526.00
09/03/2026,PURCHASE AT INDIAN OIL ON 09-03-26 CARD XX5829,500000566,1899.00,,-452425.00
09/03/2026,UPI P2M AIRTEL AIRTEL@YBL 500000567,500000567,49.00,,-452474.00
10/03/2026,BILL PAYMENT ADANI ELECTRICITY MUMBAI REF000568,500000568,2204.00,,-454678.00
10/03/2026,PURCHASE AT BHARAT PETROLEUM ON 10-03-26 CARD XX6368,500000569,299.00,,-454977.00
10/03/2026,PURCHASE AT STARBUCKS ON 10-03-26 CARD XX3247,500000570,2499.00,,-457476.00
10/03/2026,UPI P2M NETMEDS NETMEDS@YBL 500000571,500000571,799.00,,-458275.00
10/03/2026,UPI P2M NETMEDS NETMEDS@YBL 500000572,500000572,249.00,,-458524.00
11/03/2026,BILL PAYMENT ACT FIBERNET REF000573,500000573,349.00,,-458873.00
11/03/2026,PURCHASE AT FLIPKART.COM ON 11-03-26 CARD XX3781,500000574,799.00,,-459672.00
11/03/2026,PURCHASE AT HALDIRAMS ON 11-03-26 CARD XX3233,500000575,799.00,,-460471.00
11/03/2026,UPI P2M BIGBASKET BIGBASKET@YBL 500000576,500000576,1299.00,,-461770.00
12/03/2026,PURCHASE AT MYNTRA.COM ON 12-03-26 CARD XX1532,500000577,249.00,,-462019.00
12/03/2026,UPI P2M NETFLIX NETFLIX@ICICI 500000578,500000578,499.00,,-462518.00
12/03/2026,PURCHASE AT BHARAT PETROLEUM ON 12-03-26 CARD XX2488,500000579,1299.00,,-463817.00
12/03/2026,UPI P2M PHARMEASY PHARMEASY@IBL 500000580,500000580,2499.00,,-466316.00
12/03/2026,UPI P2M UBER UBER@AXISBANK 500000581,500000581,499.00,,-466815.00
13/03/2026,PURCHASE AT HP PETROL ON 13-03-26 CARD XX5431,500000582,349.00,,-467164.00
13/03/2026,PURCHASE AT HP PETROL ON 13-03-26 CARD XX2718,500000583,1299.00,,-468463.00
13/03/2026,UPI P2M AMAZON PAY AMAZONPAY@ICICI 500000584,500000584,2499.00,,-470962.00
13/03/2026,UPI P2M ZOMATO ZOMATO@YBL 500000585,500000585,99.00,,-471061.00
14/03/2026,PURCHASE AT FORTIS HOSPITAL ON 14-03-26 CARD XX7526,500000586,1899.00,,-472960.00
14/03/2026,PURCHASE AT INDIAN OIL ON 14-03-26 CARD XX4681,500000587,149.00,,-473109.00
14/03/2026,PURCHASE AT RELIANCE FRESH ON 14-03-26 CARD XX2361,500000588,1899.00,,-475008.00
14/03/2026,UPI P2M SWIGGY SWIGGY@PAYTM 500000589,500000589,249.00,,-475257.00
15/03/2026,NEFT DR SUNDAY LARGE TXN N000590,500000590,95000.00,,-570257.00
15/03/2026,PURCHASE AT CCD ON 15-03-26 CARD XX7219,500000591,1299.00,,-571556.00
15/03/2026,PURCHASE AT FORTIS HOSPITAL ON 15-03-26 CARD XX4824,500000592,1299.00,,-572855.00
15/03/2026,PURCHASE AT HALDIRAMS ON 15-03-26 CARD XX3812,500000593,799.00,,-573654.00
15/03/2026,PURCHASE AT INOX ON 15-03-26 CARD XX8795,500000594,249.00,,-573903.00
15/03/2026,PURCHASE AT STARBUCKS ON 15-03-26 CARD XX9461,500000595,2499.00,,-576402.00
15/03/2026,UPI P2M SPOTIFY SPOTIFY@YBL 500000596,500000596,119.00,,-576521.00
16/03/2026,PURCHASE AT MYNTRA.COM ON 16-03-26 CARD XX7630,500000597,1899.00,,-578420.00
16/03/2026,PURCHASE AT HP PETROL ON 16-03-26 CARD XX2917,500000598,199.00,,-578619.00
16/03/2026,PURCHASE AT INOX ON 16-03-26 CARD XX2479,500000599,49.00,,-578668.00
16/03/2026,PURCHASE AT RELIANCE FRESH ON 16-03-26 CARD XX6420,500000600,99.00,,-578767.00
17/03/2026,PURCHASE AT HALDIRAMS ON 17-03-26 CARD XX7633,500000601,249.00,,-579016.00
17/03/2026,PURCHASE AT HP PETROL ON 17-03-26 CARD XX2781,500000602,49.00,,-579065.00
17/03/2026,PURCHASE AT INDIAN OIL ON 17-03-26 CARD XX1859,500000603,499.00,,-579564.00
17/03/2026,PURCHASE AT INDIAN OIL ON 17-03-26 CARD XX8985,500000604,299.00,,-579863.00
18/03/2026,PURCHASE AT MCDONALDS ON 18-03-26 CARD XX9564,500000605,1899.00,,-581762.00
18/03/2026,PURCHASE AT MCDONALDS ON 18-03-26 CARD XX5262,500000606,2499.00,,-584261.00
18/03/2026,PURCHASE AT STARBUCKS ON 18-03-26 CARD XX2399,500000607,99.00,,-584360.00
18/03/2026,UPI P2M AMAZON PAY AMAZONPAY@ICICI 500000608,500000608,299.00,,-584659.00
18/03/2026,UPI P2M ZOMATO ZOMATO@YBL 500000609,500000609,799.00,,-585458.00
19/03/2026,PURCHASE AT FLIPKART.COM ON 19-03-26 CARD XX7369,500000610,1899.00,,-587357.00
19/03/2026,UPI P2M BIGBASKET BIGBASKET@YBL 500000611,500000611,49.00,,-587406.00
19/03/2026,UPI P2M BOOKMYSHOW BMS@ICICI 500000612,500000612,299.00,,-587705.00
19/03/2026,UPI P2M RAPIDO RAPIDO@IBL 500000613,500000613,349.00,,-588054.00
20/03/2026,UPI P2M HOTSTAR HOTSTAR@PAYTM 500000614,500000614,299.00,,-588353.00
20/03/2026,PURCHASE AT INOX ON 20-03-26 CARD XX4946,500000615,799.00,,-589152.00
20/03/2026,PURCHASE AT INDIAN OIL ON 20-03-26 CARD XX7144,500000616,2499.00,,-591651.00
20/03/2026,PURCHASE AT PVR CINEMAS ON 20-03-26 CARD XX5172,500000617,2499.00,,-594150.00
20/03/2026,UPI P2M OLA OLA@YBL 500000618,500000618,1299.00,,-595449.00
21/03/2026,PURCHASE AT DMART POWAI ON 21-03-26 CARD XX4252,500000619,1299.00,,-596748.00
21/03/2026,PURCHASE AT RELIANCE FRESH ON 21-03-26 CARD XX5523,500000620,1899.00,,-598647.00
21/03/2026,UPI P2M OLA OLA@YBL 500000621,500000621,199.00,,-598846.00
21/03/2026,UPI P2M VI VI@IBL 500000622,500000622,2499.00,,-601345.00
22/03/2026,BILL PAYMENT ADANI ELECTRICITY MUMBAI REF000623,500000623,1299.00,,-602644.00
22/03/2026,PURCHASE AT PVR CINEMAS ON 22-03-26 CARD XX6479,500000624,249.00,,-602893.00
22/03/2026,UPI P2M ZOMATO ZOMATO@YBL 500000625,500000625,249.00,,-603142.00
22/03/2026,UPI P2M NETMEDS NETMEDS@YBL 500000626,500000626,799.00,,-603941.00
23/03/2026,PURCHASE AT BHARAT PETROLEUM ON 23-03-26 CARD XX8834,500000627,1299.00,,-605240.00
23/03/2026,PURCHASE AT CCD ON 23-03-26 CARD XX9820,500000628,99.00,,-605339.00
23/03/2026,UPI P2M ZOMATO ZOMATO@YBL 500000629,500000629,99.00,,-605438.00
23/03/2026,UPI P2M VI VI@IBL 500000630,500000630,499.00,,-605937.00
24/03/2026,PURCHASE AT HP PETROL ON 24-03-26 CARD XX4657,500000631,499.00,,-606436.00
24/03/2026,PURCHASE AT MCDONALDS ON 24-03-26 CARD XX3684,500000632,2499.00,,-608935.00
24/03/2026,UPI P2M AIRTEL AIRTEL@YBL 500000633,500000633,49.00,,-608984.00
24/03/2026,UPI P2M BIGBASKET BIGBASKET@YBL 500000634,500000634,49.00,,-609033.00
25/03/2026,PURCHASE AT MYNTRA.COM ON 25-03-26 CARD XX3148,500000635,249.00,,-609282.00
25/03/2026,PURCHASE AT DOMINOS ON 25-03-26 CARD XX2961,500000636,99.00,,-609381.00
25/03/2026,PURCHASE AT MCDONALDS ON 25-03-26 CARD XX9799,500000637,99.00,,-609480.00
25/03/2026,BILL PAYMENT JIO PREPAID REF000638,500000638,49.00,,-609529.00
26/03/2026,PURCHASE AT INDIAN OIL ON 26-03-26 CARD XX7422,500000639,199.00,,-609728.00
26/03/2026,PURCHASE AT KFC ON 26-03-26 CARD XX8675,500000640,2499.00,,-612227.00
26/03/2026,BILL PAYMENT JIO PREPAID REF000641,500000641,199.00,,-612426.00
26/03/2026,UPI P2M UBER UBER@AXISBANK 500000642,500000642,199.00,,-612625.00
27/03/2026,PURCHASE AT DMART POWAI ON 27-03-26 CARD XX9203,500000643,349.00,,-612974.00
27/03/2026,PURCHASE AT KFC ON 27-03-26 CARD XX1239,500000644,49.00,,-613023.00
27/03/2026,UPI P2M AIRTEL AIRTEL@YBL 500000645,500000645,799.00,,-613822.00
27/03/2026,UPI P2M AMAZON PAY AMAZONPAY@ICICI 500000646,500000646,2499.00,,-616321.00
27/03/2026,BILL PAYMENT JIO PREPAID REF000647,500000647,2499.00,,-618820.00
28/03/2026,PURCHASE AT FOREX LOAD ON 28-03-26 CARD XX2233,500000648,41000.00,,-659820.00
28/03/2026,PURCHASE AT APOLLO PHARMACY ON 28-03-26 CARD XX6853,500000649,499.00,,-660319.00
28/03/2026,PURCHASE AT CCD ON 28-03-26 CARD XX4115,500000650,299.00,,-660618.00
28/03/2026,PURCHASE AT DOMINOS ON 28-03-26 CARD XX9498,500000651,199.00,,-660817.00
28/03/2026,UPI P2M BIGBASKET BIGBASKET@YBL 500000652,500000652,1299.00,,-662116.00
29/03/2026,BILL PAYMENT ADANI ELECTRICITY MUMBAI REF000653,500000653,799.00,,-662915.00
29/03/2026,PURCHASE AT HP PETROL ON 29-03-26 CARD XX9461,500000654,349.00,,-663264.00
29/03/2026,PURCHASE AT INDIAN OIL ON 29-03-26 CARD XX5652,500000655,1899.00,,-665163.00
29/03/2026,PURCHASE AT KFC ON 29-03-26 CARD XX8341,500000656,199.00,,-665362.00
30/03/2026,PURCHASE AT MYNTRA.COM ON 30-03-26 CARD XX9036,500000657,1899.00,,-667261.00
30/03/2026,PURCHASE AT BHARAT PETROLEUM ON 30-03-26 CARD XX3284,500000658,1299.00,,-668560.00
30/03/2026,PURCHASE AT CCD ON 30-03-26 CARD XX7072,500000659,49.00,,-668609.00
30/03/2026,UPI P2M AMAZON PAY AMAZONPAY@ICICI 500000660,500000660,1899.00,,-670508.00
31/03/2026,PURCHASE AT BHARAT PETROLEUM ON 31-03-26 CARD XX2354,500000661,199.00,,-670707.00
31/03/2026,PURCHASE AT FORTIS HOSPITAL ON 31-03-26 CARD XX8657,500000662,1899.00,,-672606.00
31/03/2026,PURCHASE AT HALDIRAMS ON 31-03-26 CARD XX3625,500000663,299.00,,-672905.00
31/03/2026,UPI P2M VI VI@IBL 500000664,500000664,349.00,,-673254.00
01/04/2026,NEFT CR ABC COMPANY LTD SALARY APR26 N000665,500000665,,85000.00,-588254.00
01/04/2026,PURCHASE AT FORTIS HOSPITAL ON 01-04-26 CARD XX6762,500000666,799.00,,-589053.00
01/04/2026,PURCHASE AT INOX ON 01-04-26 CARD XX6775,500000667,349.00,,-589402.00
01/04/2026,PURCHASE AT MCDONALDS ON 01-04-26 CARD XX8690,500000668,149.00,,-589551.00
01/04/2026,PURCHASE AT STARBUCKS ON 01-04-26 CARD XX1658,500000669,299.00,,-589850.00
02/04/2026,PURCHASE AT DUPLICATE MERCHANT ON 02-04-26 CARD XX1234,500000670,2500.00,,-592350.00
02/04/2026,PURCHASE AT DUPLICATE MERCHANT ON 02-04-26 CARD XX1234,500000671,2500.00,,-594850.00
02/04/2026,PURCHASE AT BHARAT PETROLEUM ON 02-04-26 CARD XX9542,500000672,299.00,,-595149.00
02/04/2026,PURCHASE AT CCD ON 02-04-26 CARD XX9983,500000673,149.00,,-595298.00
02/04/2026,UPI P2M BOOKMYSHOW BMS@ICICI 500000674,500000674,99.00,,-595397.00
02/04/2026,UPI P2M OLA OLA@YBL 500000675,500000675,349.00,,-595746.00
03/04/2026,PURCHASE AT INOX ON 03-04-26 CARD XX2588,500000676,149.00,,-595895.00
03/04/2026,PURCHASE AT INDIAN OIL ON 03-04-26 CARD XX3959,500000677,249.00,,-596144.00
03/04/2026,PURCHASE AT RELIANCE FRESH ON 03-04-26 CARD XX1836,500000678,149.00,,-596293.00
03/04/2026,UPI P2M ZOMATO ZOMATO@YBL 500000679,500000679,49.00,,-596342.00
04/04/2026,PURCHASE AT KFC ON 04-04-26 CARD XX8582,500000680,799.00,,-597141.00
04/04/2026,PURCHASE AT STARBUCKS ON 04-04-26 CARD XX7047,500000681,249.00,,-597390.00
04/04/2026,UPI P2M SWIGGY SWIGGY@PAYTM 500000682,500000682,199.00,,-597589.00
04/04/2026,BILL PAYMENT JIO PREPAID REF000683,500000683,799.00,,-598388.00
05/04/2026,PURCHASE AT CCD ON 05-04-26 CARD XX4267,500000684,199.00,,-598587.00
05/04/2026,PURCHASE AT DOMINOS ON 05-04-26 CARD XX6021,500000685,799.00,,-599386.00
05/04/2026,PURCHASE AT MCDONALDS ON 05-04-26 CARD XX9872,500000686,249.00,,-599635.00
05/04/2026,NEFT DR TO LANDLORD RENT APR26 N000687,500000687,18000.00,,-617635.00
05/04/2026,BILL PAYMENT JIO PREPAID REF000688,500000688,2499.00,,-620134.00
06/04/2026,PURCHASE AT APOLLO PHARMACY ON 06-04-26 CARD XX8009,500000689,799.00,,-620933.00
06/04/2026,PURCHASE AT KFC ON 06-04-26 CARD XX1752,500000690,49.00,,-620982.00
06/04/2026,UPI P2M OLA OLA@YBL 500000691,500000691,799.00,,-621781.00
06/04/2026,UPI P2M PHARMEASY PHARMEASY@IBL 500000692,500000692,799.00,,-622580.00
07/04/2026,BILL PAYMENT ADANI ELECTRICITY MUMBAI REF000693,500000693,149.00,,-622729.00
07/04/2026,PURCHASE AT CCD ON 07-04-26 CARD XX5075,500000694,199.00,,-622928.00
07/04/2026,PURCHASE AT PVR CINEMAS ON 07-04-26 CARD XX8621,500000695,49.00,,-622977.00
07/04/2026,UPI P2M ZOMATO ZOMATO@YBL 500000696,500000696,1299.00,,-624276.00
08/04/2026,BILL PAYMENT ACT FIBERNET REF000697,500000697,999.00,,-625275.00
08/04/2026,PURCHASE AT INOX ON 08-04-26 CARD XX1237,500000698,499.00,,-625774.00
08/04/2026,PURCHASE AT PVR CINEMAS ON 08-04-26 CARD XX5662,500000699,1299.00,,-627073.00
08/04/2026,BILL PAYMENT JIO PREPAID REF000700,500000700,199.00,,-627272.00
08/04/2026,UPI P2M VI VI@IBL 500000701,500000701,199.00,,-627471.00
09/04/2026,BILL PAYMENT ADANI ELECTRICITY MUMBAI REF000702,500000702,149.00,,-627620.00
09/04/2026,PURCHASE AT INDIAN OIL ON 09-04-26 CARD XX1283,500000703,49.00,,-627669.00
09/04/2026,PURCHASE AT PVR CINEMAS ON 09-04-26 CARD XX2192,500000704,499.00,,-628168.00
09/04/2026,UPI P2M BOOKMYSHOW BMS@ICICI 500000705,500000705,49.00,,-628217.00
10/04/2026,UPI P2M SWIGGY SWIGGY@PAYTM 500000706BR00,500000706,120.00,,-628337.00
10/04/2026,UPI P2M SWIGGY SWIGGY@PAYTM 500000707BR01,500000707,137.00,,-628474.00
10/04/2026,UPI P2M SWIGGY SWIGGY@PAYTM 500000708BR02,500000708,154.00,,-628628.00
10/04/2026,UPI P2M SWIGGY SWIGGY@PAYTM 500000709BR03,500000709,171.00,,-628799.00
10/04/2026,UPI P2M SWIGGY SWIGGY@PAYTM 500000710BR04,500000710,188.00,,-628987.00
10/04/2026,BILL PAYMENT ACT FIBERNET REF000711,500000711,199.00,,-629186.00
10/04/2026,BILL PAYMENT ACT FIBERNET REF000712,500000712,1299.00,,-630485.00
10/04/2026,BILL PAYMENT ADANI ELECTRICITY MUMBAI REF000713,500000713,2839.00,,-633324.00
10/04/2026,UPI P2M AIRTEL AIRTEL@YBL 500000714,500000714,149.00,,-633473.00
10/04/2026,UPI P2M BIGBASKET BIGBASKET@YBL 500000715,500000715,1299.00,,-634772.00
11/04/2026,PURCHASE AT INDIAN OIL ON 11-04-26 CARD XX6746,500000716,1899.00,,-636671.00
11/04/2026,UPI P2M AMAZON PAY AMAZONPAY@ICICI 500000717,500000717,499.00,,-637170.00
11/04/2026,UPI P2M ZOMATO ZOMATO@YBL 500000718,500000718,199.00,,-637369.00
11/04/2026,UPI P2M VI VI@IBL 500000719,500000719,149.00,,-637518.00
12/04/2026,UPI P2M NETFLIX NETFLIX@ICICI 500000720,500000720,499.00,,-638017.00
12/04/2026,PURCHASE AT APOLLO PHARMACY ON 12-04-26 CARD XX9448,500000721,2499.00,,-640516.00
12/04/2026,PURCHASE AT PVR CINEMAS ON 12-04-26 CARD XX5946,500000722,199.00,,-640715.00
12/04/2026,UPI P2M AIRTEL AIRTEL@YBL 500000723,500000723,99.00,,-640814.00
12/04/2026,UPI P2M UBER UBER@AXISBANK 500000724,500000724,1299.00,,-642113.00
13/04/2026,PURCHASE AT APOLLO PHARMACY ON 13-04-26 CARD XX6220,500000725,799.00,,-642912.00
13/04/2026,PURCHASE AT INOX ON 13-04-26 CARD XX2531,500000726,1899.00,,-644811.00
13/04/2026,UPI P2M PHARMEASY PHARMEASY@IBL 500000727,500000727,499.00,,-645310.00
13/04/2026,UPI P2M RAPIDO RAPIDO@IBL 500000728,500000728,299.00,,-645609.00
14/04/2026,BILL PAYMENT ACT FIBERNET REF000729,500000729,99.00,,-645708.00
14/04/2026,PURCHASE AT FLIPKART.COM ON 14-04-26 CARD XX1650,500000730,1899.00,,-647607.00
14/04/2026,PURCHASE AT MCDONALDS ON 14-04-26 CARD XX6634,500000731,149.00,,-647756.00
14/04/2026,UPI P2M SWIGGY SWIGGY@PAYTM 500000732,500000732,49.00,,-647805.00
15/04/2026,BILL PAYMENT ADANI ELECTRICITY MUMBAI REF000733,500000733,349.00,,-648154.00
15/04/2026,PURCHASE AT HALDIRAMS ON 15-04-26 CARD XX9717,500000734,149.00,,-648303.00
15/04/2026,PURCHASE AT HP PETROL ON 15-04-26 CARD XX8588,500000735,299.00,,-648602.00
15/04/2026,UPI P2M SPOTIFY SPOTIFY@YBL 500000736,500000736,119.00,,-648721.00
15/04/2026,UPI P2M RAPIDO RAPIDO@IBL 500000737,500000737,499.00,,-649220.00
16/04/2026,PURCHASE AT FLIPKART.COM ON 16-04-26 CARD XX9520,500000738,149.00,,-649369.00
16/04/2026,PURCHASE AT RELIANCE FRESH ON 16-04-26 CARD XX7234,500000739,499.00,,-649868.00
16/04/2026,UPI P2M AMAZON PAY AMAZONPAY@ICICI 500000740,500000740,349.00,,-650217.00
16/04/2026,UPI P2M ZOMATO ZOMATO@YBL 500000741,500000741,49.00,,-650266.00
17/04/2026,PURCHASE AT MYNTRA.COM ON 17-04-26 CARD XX9406,500000742,2499.00,,-652765.00
17/04/2026,PURCHASE AT APOLLO PHARMACY ON 17-04-26 CARD XX5271,500000743,249.00,,-653014.00
17/04/2026,PURCHASE AT FORTIS HOSPITAL ON 17-04-26 CARD XX7211,500000744,99.00,,-653113.00
17/04/2026,PURCHASE AT HP PETROL ON 17-04-26 CARD XX1803,500000745,99.00,,-653212.00
18/04/2026,PURCHASE AT MYNTRA.COM ON 18-04-26 CARD XX3511,500000746,99.00,,-653311.00
18/04/2026,PURCHASE AT FLIPKART.COM ON 18-04-26 CARD XX1790,500000747,1899.00,,-655210.00
18/04/2026,PURCHASE AT HALDIRAMS ON 18-04-26 CARD XX7889,500000748,299.00,,-655509.00
18/04/2026,PURCHASE AT INOX ON 18-04-26 CARD XX4071,500000749,349.00,,-655858.00
18/04/2026,PURCHASE AT RELIANCE FRESH ON 18-04-26 CARD XX1996,500000750,249.00,,-656107.00
18/04/2026,UPI P2M AMAZON PAY AMAZONPAY@ICICI 500000751,500000751,299.00,,-656406.00
19/04/2026,PURCHASE AT DMART POWAI ON 19-04-26 CARD XX2736,500000752,149.00,,-656555.00
19/04/2026,PURCHASE AT STARBUCKS ON 19-04-26 CARD XX8614,500000753,1299.00,,-657854.00
19/04/2026,UPI P2M AIRTEL AIRTEL@YBL 500000754,500000754,1899.00,,-659753.00
19/04/2026,UPI P2M BOOKMYSHOW BMS@ICICI 500000755,500000755,99.00,,-659852.00
20/04/2026,UPI P2M HOTSTAR HOTSTAR@PAYTM 500000756,500000756,299.00,,-660151.00
20/04/2026,PURCHASE AT KFC ON 20-04-26 CARD XX7010,500000757,499.00,,-660650.00
20/04/2026,PURCHASE AT KFC ON 20-04-26 CARD XX3541,500000758,49.00,,-660699.00
20/04/2026,PURCHASE AT STARBUCKS ON 20-04-26 CARD XX8068,500000759,1299.00,,-661998.00
20/04/2026,UPI P2M AMAZON PAY AMAZONPAY@ICICI 500000760,500000760,499.00,,-662497.00
21/04/2026,PURCHASE AT DOMINOS ON 21-04-26 CARD XX2616,500000761,49.00,,-662546.00
21/04/2026,UPI P2M BOOKMYSHOW BMS@ICICI 500000762,500000762,1899.00,,-664445.00
21/04/2026,UPI P2M OLA OLA@YBL 500000763,500000763,2499.00,,-666944.00
21/04/2026,UPI P2M RAPIDO RAPIDO@IBL 500000764,500000764,1899.00,,-668843.00
22/04/2026,PURCHASE AT BHARAT PETROLEUM ON 22-04-26 CARD XX7336,500000765,299.00,,-669142.00
22/04/2026,UPI P2M BIGBASKET BIGBASKET@YBL 500000766,500000766,1899.00,,-671041.00
22/04/2026,UPI P2M ZOMATO ZOMATO@YBL 500000767,500000767,1899.00,,-672940.00
22/04/2026,UPI P2M PHARMEASY PHARMEASY@IBL 500000768,500000768,499.00,,-673439.00
23/04/2026,PURCHASE AT MYNTRA.COM ON 23-04-26 CARD XX7804,500000769,349.00,,-673788.00
23/04/2026,PURCHASE AT INOX ON 23-04-26 CARD XX8087,500000770,199.00,,-673987.00
23/04/2026,PURCHASE AT MCDONALDS ON 23-04-26 CARD XX4202,500000771,799.00,,-674786.00
23/04/2026,UPI P2M UBER UBER@AXISBANK 500000772,500000772,299.00,,-675085.00
24/04/2026,PURCHASE AT MYNTRA.COM ON 24-04-26 CARD XX5237,500000773,249.00,,-675334.00
24/04/2026,PURCHASE AT CCD ON 24-04-26 CARD XX8678,500000774,299.00,,-675633.00
24/04/2026,PURCHASE AT DMART POWAI ON 24-04-26 CARD XX9223,500000775,1299.00,,-676932.00
24/04/2026,UPI P2M ZOMATO ZOMATO@YBL 500000776,500000776,149.00,,-677081.00
25/04/2026,PURCHASE AT DMART POWAI ON 25-04-26 CARD XX7774,500000777,1899.00,,-678980.00
25/04/2026,PURCHASE AT KFC ON 25-04-26 CARD XX1036,500000778,2499.00,,-681479.00
25/04/2026,PURCHASE AT MCDONALDS ON 25-04-26 CARD XX7667,500000779,2499.00,,-683978.00
25/04/2026,UPI P2M UBER UBER@AXISBANK 500000780,500000780,499.00,,-684477.00
26/04/2026,PURCHASE AT INOX ON 26-04-26 CARD XX8259,500000781,99.00,,-684576.00
26/04/2026,PURCHASE AT MCDONALDS ON 26-04-26 CARD XX9263,500000782,349.00,,-684925.00
26/04/2026,UPI P2M AIRTEL AIRTEL@YBL 500000783,500000783,499.00,,-685424.00
26/04/2026,UPI P2M BOOKMYSHOW BMS@ICICI 500000784,500000784,299.00,,-685723.00
27/04/2026,PURCHASE AT DOMINOS ON 27-04-26 CARD XX9076,500000785,249.00,,-685972.00
27/04/2026,PURCHASE AT DOMINOS ON 27-04-26 CARD XX3377,500000786,299.00,,-686271.00
27/04/2026,UPI P2M OLA OLA@YBL 500000787,500000787,99.00,,-686370.00
27/04/2026,UPI P2M PHARMEASY PHARMEASY@IBL 500000788,500000788,1299.00,,-687669.00
28/04/2026,PURCHASE AT DMART POWAI ON 28-04-26 CARD XX9225,500000789,49.00,,-687718.00
28/04/2026,PURCHASE AT HP PETROL ON 28-04-26 CARD XX6009,500000790,499.00,,-688217.00
28/04/2026,PURCHASE AT STARBUCKS ON 28-04-26 CARD XX4262,500000791,299.00,,-688516.00
28/04/2026,UPI P2M BOOKMYSHOW BMS@ICICI 500000792,500000792,1299.00,,-689815.00
29/04/2026,PURCHASE AT CCD ON 29-04-26 CARD XX5335,500000793,299.00,,-690114.00
29/04/2026,PURCHASE AT FLIPKART.COM ON 29-04-26 CARD XX2944,500000794,299.00,,-690413.00
29/04/2026,UPI P2M SWIGGY SWIGGY@PAYTM 500000795,500000795,2499.00,,-692912.00
29/04/2026,UPI P2M VI VI@IBL 500000796,500000796,249.00,,-693161.00
30/04/2026,PURCHASE AT APOLLO PHARMACY ON 30-04-26 CARD XX1599,500000797,299.00,,-693460.00
30/04/2026,PURCHASE AT KFC ON 30-04-26 CARD XX7237,500000798,799.00,,-694259.00
30/04/2026,PURCHASE AT RELIANCE FRESH ON 30-04-26 CARD XX9826,500000799,799.00,,-695058.00
30/04/2026,PURCHASE AT STARBUCKS ON 30-04-26 CARD XX8127,500000800,349.00,,-695407.00
