Txn Date,Value Date,Description,Ref No./Cheque No.,Debit,Credit,Balance
01 NOV 2025,01 NOV 2025,NEFT CR-HDFC0001234-ABC COMPANY LTD-SALARY-200000001,200000001,,85000.00,130000.00
01 NOV 2025,01 NOV 2025,POS PURCHASE POS IOCL MUMBAI 000002,200000002,2499.00,,127501.00
01 NOV 2025,01 NOV 2025,UPI/200000003/MERCHANT/merch@ybl/Payment,200000003,799.00,,126702.00
01 NOV 2025,01 NOV 2025,UPI/200000004/UBER/uber@axis/Ride,200000004,99.00,,126603.00
01 NOV 2025,01 NOV 2025,UPI/200000005/VI/vi@ibl/Recharge,200000005,499.00,,126104.00
02 NOV 2025,02 NOV 2025,POS PURCHASE POS INOX MUMBAI 000006,200000006,799.00,,125305.00
02 NOV 2025,02 NOV 2025,POS PURCHASE POS IOCL MUMBAI 000007,200000007,1299.00,,124006.00
02 NOV 2025,02 NOV 2025,POS PURCHASE POS MCD MUMBAI 000008,200000008,2499.00,,121507.00
02 NOV 2025,02 NOV 2025,UPI/200000009/MERCHANT/merch@ybl/Payment,200000009,2499.00,,119008.00
03 NOV 2025,03 NOV 2025,POS PURCHASE POS KFC MUMBAI 000010,200000010,199.00,,118809.00
03 NOV 2025,03 NOV 2025,UPI/200000011/MERCHANT/merch@ybl/Payment,200000011,1899.00,,116910.00
03 NOV 2025,03 NOV 2025,UPI/200000012/MERCHANT/merch@ybl/Payment,200000012,1899.00,,115011.00
03 NOV 2025,03 NOV 2025,UPI/200000013/OLA/ola@ybl/Ride,200000013,499.00,,114512.00
04 NOV 2025,04 NOV 2025,POS PURCHASE POS HP MUMBAI 000014,200000014,799.00,,113713.00
04 NOV 2025,04 NOV 2025,POS PURCHASE POS PVR MUMBAI 000015,200000015,2499.00,,111214.00
04 NOV 2025,04 NOV 2025,POS PURCHASE POS SB MUMBAI 000016,200000016,299.00,,110915.00
04 NOV 2025,04 NOV 2025,UPI/200000017/VI/vi@ibl/Recharge,200000017,2499.00,,108416.00
05 NOV 2025,05 NOV 2025,POS PURCHASE POS KFC MUMBAI 000018,200000018,1299.00,,107117.00
05 NOV 2025,05 NOV 2025,POS PURCHASE POS PVR MUMBAI 000019,200000019,349.00,,106768.00
05 NOV 2025,05 NOV 2025,NEFT DR-ICIC0005678-LANDLORD RENT-200000020,200000020,18000.00,,88768.00
05 NOV 2025,05 NOV 2025,UPI/200000021/Phonepe/Airtel Recharge,200000021,199.00,,88569.00
05 NOV 2025,05 NOV 2025,UPI/200000022/UBER/uber@axis/Ride,200000022,149.00,,88420.00
06 NOV 2025,06 NOV 2025,POS PURCHASE POS DMART MUMBAI 000023,200000023,349.00,,88071.00
06 NOV 2025,06 NOV 2025,POS PURCHASE POS FLIP MUMBAI 000024,200000024,1899.00,,86172.00
06 NOV 2025,06 NOV 2025,POS PURCHASE POS INOX MUMBAI 000025,200000025,1899.00,,84273.00
06 NOV 2025,06 NOV 2025,UPI/200000026/UBER/uber@axis/Ride,200000026,799.00,,83474.00
07 NOV 2025,07 NOV 2025,POS PURCHASE POS FORTIS MUMBAI 000027,200000027,1899.00,,81575.00
07 NOV 2025,07 NOV 2025,POS PURCHASE POS INOX MUMBAI 000028,200000028,1899.00,,79676.00
07 NOV 2025,07 NOV 2025,UPI/200000029/MERCHANT/merch@ybl/Payment,200000029,299.00,,79377.00
07 NOV 2025,07 NOV 2025,UPI/200000030/MERCHANT/merch@ybl/Payment,200000030,1899.00,,77478.00
08 NOV 2025,08 NOV 2025,BBPS/BROADBAND/ACT FIBERNET/REF000031,200000031,999.00,,76479.00
08 NOV 2025,08 NOV 2025,POS PURCHASE POS BP MUMBAI 000032,200000032,349.00,,76130.00
08 NOV 2025,08 NOV 2025,POS PURCHASE POS BP MUMBAI 000033,200000033,1299.00,,74831.00
08 NOV 2025,08 NOV 2025,POS PURCHASE POS FLIP MUMBAI 000034,200000034,2499.00,,72332.00
08 NOV 2025,08 NOV 2025,UPI/200000035/RAPIDO/rapido@ibl/Ride,200000035,799.00,,71533.00
09 NOV 2025,09 NOV 2025,POS PURCHASE POS HAL MUMBAI 000036,200000036,499.00,,71034.00
09 NOV 2025,09 NOV 2025,POS PURCHASE POS IOCL MUMBAI 000037,200000037,249.00,,70785.00
09 NOV 2025,09 NOV 2025,POS PURCHASE POS MCD MUMBAI 000038,200000038,349.00,,70436.00
09 NOV 2025,09 NOV 2025,UPI/200000039/Phonepe/Airtel Recharge,200000039,799.00,,69637.00
10 NOV 2025,10 NOV 2025,POS PURCHASE ECOM MYN MUMBAI 000040,200000040,349.00,,69288.00
10 NOV 2025,10 NOV 2025,BBPS/ELECTRICITY/ADANI ELECTRICITY MUMBAI/REF000041,200000041,2503.00,,66785.00
10 NOV 2025,10 NOV 2025,POS PURCHASE POS IOCL MUMBAI 000042,200000042,199.00,,66586.00
10 NOV 2025,10 NOV 2025,POS PURCHASE POS KFC MUMBAI 000043,200000043,799.00,,65787.00
10 NOV 2025,10 NOV 2025,UPI/200000044/VI/vi@ibl/Recharge,200000044,2499.00,,63288.00
11 NOV 2025,11 NOV 2025,BBPS/MOBILE/JIO PREPAID/REF000045,200000045,499.00,,62789.00
11 NOV 2025,11 NOV 2025,POS PURCHASE POS HP MUMBAI 000046,200000046,1899.00,,60890.00
11 NOV 2025,11 NOV 2025,UPI/200000047/MERCHANT/merch@ybl/Payment,200000047,149.00,,60741.00
11 NOV 2025,11 NOV 2025,UPI/200000048/RAPIDO/rapido@ibl/Ride,200000048,199.00,,60542.00
12 NOV 2025,12 NOV 2025,UPI/998877665544/NETFLIX/netflix@icici/Subscription,200000049,499.00,,60043.00
12 NOV 2025,12 NOV 2025,POS PURCHASE POS SB MUMBAI 000050,200000050,199.00,,59844.00
12 NOV 2025,12 NOV 2025,UPI/200000051/MERCHANT/merch@ybl/Payment,200000051,49.00,,59795.00
12 NOV 2025,12 NOV 2025,UPI/200000052/MERCHANT/merch@ybl/Payment,200000052,799.00,,58996.00
12 NOV 2025,12 NOV 2025,UPI/200000053/OLA/ola@ybl/Ride,200000053,1299.00,,57697.00
12 NOV 2025,12 NOV 2025,UPI/200000054/VI/vi@ibl/Recharge,200000054,249.00,,57448.00
13 NOV 2025,13 NOV 2025,POS PURCHASE POS HAL MUMBAI 000055,200000055,149.00,,57299.00
13 NOV 2025,13 NOV 2025,UPI/200000056/MERCHANT/merch@ybl/Payment,200000056,299.00,,57000.00
13 NOV 2025,13 NOV 2025,UPI/200000057/SWIGGY/swiggy@payt/Payment,200000057,349.00,,56651.00
13 NOV 2025,13 NOV 2025,UPI/200000058/OLA/ola@ybl/Ride,200000058,99.00,,56552.00
14 NOV 2025,14 NOV 2025,POS PURCHASE POS FLIP MUMBAI 000059,200000059,349.00,,56203.00
14 NOV 2025,14 NOV 2025,POS PURCHASE POS HP MUMBAI 000060,200000060,1899.00,,54304.00
14 NOV 2025,14 NOV 2025,POS PURCHASE POS INOX MUMBAI 000061,200000061,349.00,,53955.00
14 NOV 2025,14 NOV 2025,UPI/200000062/MERCHANT/merch@ybl/Payment,200000062,2499.00,,51456.00
15 NOV 2025,15 NOV 2025,POS PURCHASE POS APOLLO MUMBAI 000063,200000063,199.00,,51257.00
15 NOV 2025,15 NOV 2025,POS PURCHASE POS APOLLO MUMBAI 000064,200000064,1299.00,,49958.00
15 NOV 2025,15 NOV 2025,POS PURCHASE POS HP MUMBAI 000065,200000065,49.00,,49909.00
15 NOV 2025,15 NOV 2025,POS PURCHASE POS REL MUMBAI 000066,200000066,2499.00,,47410.00
15 NOV 2025,15 NOV 2025,UPI/887766554433/SPOTIFY/spotify@ybl/Music,200000067,119.00,,47291.00
16 NOV 2025,16 NOV 2025,POS PURCHASE POS BP MUMBAI 000068,200000068,1899.00,,45392.00
16 NOV 2025,16 NOV 2025,POS PURCHASE POS SB MUMBAI 000069,200000069,149.00,,45243.00
16 NOV 2025,16 NOV 2025,UPI/200000070/MERCHANT/merch@ybl/Payment,200000070,249.00,,44994.00
16 NOV 2025,16 NOV 2025,UPI/200000071/VI/vi@ibl/Recharge,200000071,1899.00,,43095.00
17 NOV 2025,17 NOV 2025,UPI/200000072/MERCHANT/merch@ybl/Payment,200000072,149.00,,42946.00
17 NOV 2025,17 NOV 2025,UPI/200000073/MERCHANT/merch@ybl/Payment,200000073,349.00,,42597.00
17 NOV 2025,17 NOV 2025,UPI/200000074/SWIGGY/swiggy@payt/Payment,200000074,249.00,,42348.00
17 NOV 2025,17 NOV 2025,UPI/200000075/MERCHANT/merch@ybl/Payment,200000075,149.00,,42199.00
18 NOV 2025,18 NOV 2025,UPI/112233445566/CRYPTOX EXCHANGE DUBAI/cryptox@ybl/Payment,200000076,52000.00,,-9801.00
18 NOV 2025,18 NOV 2025,POS PURCHASE POS FLIP MUMBAI 000077,200000077,2499.00,,-12300.00
18 NOV 2025,18 NOV 2025,POS PURCHASE POS HAL MUMBAI 000078,200000078,499.00,,-12799.00
18 NOV 2025,18 NOV 2025,POS PURCHASE POS PVR MUMBAI 000079,200000079,2499.00,,-15298.00
18 NOV 2025,18 NOV 2025,UPI/776655443322/AMAZON PAY/amazonpay@icici/Prime,200000080,299.00,,-15597.00
18 NOV 2025,18 NOV 2025,UPI/200000081/RAPIDO/rapido@ibl/Ride,200000081,99.00,,-15696.00
19 NOV 2025,19 NOV 2025,POS PURCHASE POS HAL MUMBAI 000082,200000082,149.00,,-15845.00
19 NOV 2025,19 NOV 2025,POS PURCHASE POS IOCL MUMBAI 000083,200000083,49.00,,-15894.00
19 NOV 2025,19 NOV 2025,UPI/200000084/MERCHANT/merch@ybl/Payment,200000084,2499.00,,-18393.00
19 NOV 2025,19 NOV 2025,UPI/200000085/RAPIDO/rapido@ibl/Ride,200000085,2499.00,,-20892.00
20 NOV 2025,20 NOV 2025,BBPS/MOBILE/JIO PREPAID/REF000086,200000086,499.00,,-21391.00
20 NOV 2025,20 NOV 2025,UPI/665544332211/HOTSTAR/hotstar@paytm/Video,200000087,299.00,,-21690.00
20 NOV 2025,20 NOV 2025,POS PURCHASE POS HP MUMBAI 000088,200000088,1899.00,,-23589.00
20 NOV 2025,20 NOV 2025,POS PURCHASE POS INOX MUMBAI 000089,200000089,2499.00,,-26088.00
20 NOV 2025,20 NOV 2025,UPI/200000090/OLA/ola@ybl/Ride,200000090,149.00,,-26237.00
21 NOV 2025,21 NOV 2025,POS PURCHASE POS APOLLO MUMBAI 000091,200000091,1899.00,,-28136.00
21 NOV 2025,21 NOV 2025,POS PURCHASE POS FLIP MUMBAI 000092,200000092,149.00,,-28285.00
21 NOV 2025,21 NOV 2025,POS PURCHASE POS KFC MUMBAI 000093,200000093,299.00,,-28584.00
21 NOV 2025,21 NOV 2025,UPI/200000094/UBER/uber@axis/Ride,200000094,499.00,,-29083.00
22 NOV 2025,22 NOV 2025,POS PURCHASE POS HP MUMBAI 000095,200000095,99.00,,-29182.00
22 NOV 2025,22 NOV 2025,UPI/200000096/MERCHANT/merch@ybl/Payment,200000096,799.00,,-29981.00
22 NOV 2025,22 NOV 2025,UPI/200000097/SWIGGY/swiggy@payt/Payment,200000097,249.00,,-30230.00
22 NOV 2025,22 NOV 2025,UPI/200000098/OLA/ola@ybl/Ride,200000098,499.00,,-30729.00
23 NOV 2025,23 NOV 2025,POS PURCHASE POS FORTIS MUMBAI 000099,200000099,499.00,,-31228.00
23 NOV 2025,23 NOV 2025,POS PURCHASE POS HP MUMBAI 000100,200000100,499.00,,-31727.00
23 NOV 2025,23 NOV 2025,POS PURCHASE POS SB MUMBAI 000101,200000101,799.00,,-32526.00
23 NOV 2025,23 NOV 2025,UPI/200000102/ZOMATO/zomato@ybl/Payment,200000102,249.00,,-32775.00
24 NOV 2025,24 NOV 2025,POS PURCHASE ECOM MYN MUMBAI 000103,200000103,249.00,,-33024.00
24 NOV 2025,24 NOV 2025,POS PURCHASE POS CCD MUMBAI 000104,200000104,2499.00,,-35523.00
24 NOV 2025,24 NOV 2025,POS PURCHASE POS IOCL MUMBAI 000105,200000105,249.00,,-35772.00
24 NOV 2025,24 NOV 2025,UPI/200000106/RAPIDO/rapido@ibl/Ride,200000106,499.00,,-36271.00
25 NOV 2025,25 NOV 2025,POS PURCHASE POS BP MUMBAI 000107,200000107,149.00,,-36420.00
25 NOV 2025,25 NOV 2025,POS PURCHASE POS CCD MUMBAI 000108,200000108,99.00,,-36519.00
25 NOV 2025,25 NOV 2025,POS PURCHASE POS KFC MUMBAI 000109,200000109,2499.00,,-39018.00
25 NOV 2025,25 NOV 2025,POS PURCHASE POS SB MUMBAI 000110,200000110,2499.00,,-41517.00
26 NOV 2025,26 NOV 2025,BBPS/MOBILE/JIO PREPAID/REF000111,200000111,499.00,,-42016.00
26 NOV 2025,26 NOV 2025,POS PURCHASE POS IOCL MUMBAI 000112,200000112,349.00,,-42365.00
26 NOV 2025,26 NOV 2025,UPI/200000113/MERCHANT/merch@ybl/Payment,200000113,1899.00,,-44264.00
26 NOV 2025,26 NOV 2025,UPI/200000114/MERCHANT/merch@ybl/Payment,200000114,149.00,,-44413.00
27 NOV 2025,27 NOV 2025,NEFT DR-SBIN0099001-OFFSHORE TEST REMIT-N665544,200000115,89000.00,,-133413.00
27 NOV 2025,27 NOV 2025,POS PURCHASE ECOM MYN MUMBAI 000116,200000116,499.00,,-133912.00
27 NOV 2025,27 NOV 2025,POS PURCHASE POS FLIP MUMBAI 000117,200000117,199.00,,-134111.00
27 NOV 2025,27 NOV 2025,UPI/200000118/MERCHANT/merch@ybl/Payment,200000118,299.00,,-134410.00
27 NOV 2025,27 NOV 2025,UPI/200000119/MERCHANT/merch@ybl/Payment,200000119,1899.00,,-136309.00
28 NOV 2025,28 NOV 2025,BBPS/MOBILE/JIO PREPAID/REF000120,200000120,299.00,,-136608.00
28 NOV 2025,28 NOV 2025,POS PURCHASE POS BP MUMBAI 000121,200000121,349.00,,-136957.00
28 NOV 2025,28 NOV 2025,POS PURCHASE POS CCD MUMBAI 000122,200000122,49.00,,-137006.00
28 NOV 2025,28 NOV 2025,UPI/200000123/MERCHANT/merch@ybl/Payment,200000123,799.00,,-137805.00
29 NOV 2025,29 NOV 2025,POS PURCHASE POS APOLLO MUMBAI 000124,200000124,199.00,,-138004.00
29 NOV 2025,29 NOV 2025,POS PURCHASE POS MCD MUMBAI 000125,200000125,2499.00,,-140503.00
29 NOV 2025,29 NOV 2025,POS PURCHASE POS SB MUMBAI 000126,200000126,1299.00,,-141802.00
29 NOV 2025,29 NOV 2025,UPI/200000127/ZOMATO/zomato@ybl/Payment,200000127,499.00,,-142301.00
30 NOV 2025,30 NOV 2025,POS PURCHASE POS REL MUMBAI 000128,200000128,799.00,,-143100.00
30 NOV 2025,30 NOV 2025,UPI/200000129/ZOMATO/zomato@ybl/Payment,200000129,99.00,,-143199.00
30 NOV 2025,30 NOV 2025,UPI/200000130/ZOMATO/zomato@ybl/Payment,200000130,49.00,,-143248.00
30 NOV 2025,30 NOV 2025,UPI/200000131/MERCHANT/merch@ybl/Payment,200000131,2499.00,,-145747.00
01 DEC 2025,01 DEC 2025,NEFT CR-HDFC0001234-ABC COMPANY LTD-SALARY-200000132,200000132,,85000.00,-60747.00
01 DEC 2025,01 DEC 2025,BBPS/MOBILE/JIO PREPAID/REF000133,200000133,49.00,,-60796.00
01 DEC 2025,01 DEC 2025,POS PURCHASE POS INOX MUMBAI 000134,200000134,199.00,,-60995.00
01 DEC 2025,01 DEC 2025,POS PURCHASE POS INOX MUMBAI 000135,200000135,2499.00,,-63494.00
01 DEC 2025,01 DEC 2025,UPI/200000136/VI/vi@ibl/Recharge,200000136,1899.00,,-65393.00
02 DEC 2025,02 DEC 2025,BBPS/MOBILE/JIO PREPAID/REF000137,200000137,149.00,,-65542.00
02 DEC 2025,02 DEC 2025,POS PURCHASE POS HP MUMBAI 000138,200000138,99.00,,-65641.00
02 DEC 2025,02 DEC 2025,UPI/200000139/MERCHANT/merch@ybl/Payment,200000139,249.00,,-65890.00
02 DEC 2025,02 DEC 2025,UPI/200000140/MERCHANT/merch@ybl/Payment,200000140,2499.00,,-68389.00
03 DEC 2025,03 DEC 2025,UPI/223344556677/BINANCE INT/binance@ibl/Payment,200000141,48000.00,,-116389.00
03 DEC 2025,03 DEC 2025,POS PURCHASE ECOM MYN MUMBAI 000142,200000142,249.00,,-116638.00
03 DEC 2025,03 DEC 2025,POS PURCHASE POS FORTIS MUMBAI 000143,200000143,199.00,,-116837.00
03 DEC 2025,03 DEC 2025,POS PURCHASE POS HP MUMBAI 000144,200000144,249.00,,-117086.00
03 DEC 2025,03 DEC 2025,POS PURCHASE POS SB MUMBAI 000145,200000145,99.00,,-117185.00
04 DEC 2025,04 DEC 2025,POS PURCHASE POS BP MUMBAI 000146,200000146,99.00,,-117284.00
04 DEC 2025,04 DEC 2025,POS PURCHASE POS IOCL MUMBAI 000147,200000147,799.00,,-118083.00
04 DEC 2025,04 DEC 2025,UPI/200000148/MERCHANT/merch@ybl/Payment,200000148,199.00,,-118282.00
04 DEC 2025,04 DEC 2025,UPI/200000149/ZOMATO/zomato@ybl/Payment,200000149,2499.00,,-120781.00
05 DEC 2025,05 DEC 2025,BBPS/MOBILE/JIO PREPAID/REF000150,200000150,2499.00,,-123280.00
05 DEC 2025,05 DEC 2025,POS PURCHASE POS INOX MUMBAI 000151,200000151,1299.00,,-124579.00
05 DEC 2025,05 DEC 2025,NEFT DR-ICIC0005678-LANDLORD RENT-200000152,200000152,18000.00,,-142579.00
05 DEC 2025,05 DEC 2025,UPI/200000153/MERCHANT/merch@ybl/Payment,200000153,2499.00,,-145078.00
05 DEC 2025,05 DEC 2025,UPI/200000154/SWIGGY/swiggy@payt/Payment,200000154,199.00,,-145277.00
06 DEC 2025,06 DEC 2025,BBPS/MOBILE/JIO PREPAID/REF000155,200000155,499.00,,-145776.00
06 DEC 2025,06 DEC 2025,POS PURCHASE POS FLIP MUMBAI 000156,200000156,1299.00,,-147075.00
06 DEC 2025,06 DEC 2025,POS PURCHASE POS FORTIS MUMBAI 000157,200000157,49.00,,-147124.00
06 DEC 2025,06 DEC 2025,UPI/200000158/RAPIDO/rapido@ibl/Ride,200000158,2499.00,,-149623.00
07 DEC 2025,07 DEC 2025,POS PURCHASE POS DMART MUMBAI 000159,200000159,799.00,,-150422.00
07 DEC 2025,07 DEC 2025,POS PURCHASE POS FLIP MUMBAI 000160,200000160,299.00,,-150721.00
07 DEC 2025,07 DEC 2025,POS PURCHASE POS KFC MUMBAI 000161,200000161,799.00,,-151520.00
07 DEC 2025,07 DEC 2025,UPI/200000162/ZOMATO/zomato@ybl/Payment,200000162,349.00,,-151869.00
08 DEC 2025,08 DEC 2025,BBPS/MOBILE/JIO PREPAID/REF000163,200000163,1899.00,,-153768.00
08 DEC 2025,08 DEC 2025,BBPS/BROADBAND/ACT FIBERNET/REF000164,200000164,999.00,,-154767.00
08 DEC 2025,08 DEC 2025,POS PURCHASE POS SB MUMBAI 000165,200000165,349.00,,-155116.00
08 DEC 2025,08 DEC 2025,POS PURCHASE POS SB MUMBAI 000166,200000166,499.00,,-155615.00
08 DEC 2025,08 DEC 2025,UPI/200000167/MERCHANT/merch@ybl/Payment,200000167,99.00,,-155714.00
09 DEC 2025,09 DEC 2025,POS PURCHASE POS CCD MUMBAI 000168,200000168,249.00,,-155963.00
09 DEC 2025,09 DEC 2025,UPI/200000169/Phonepe/Airtel Recharge,200000169,49.00,,-156012.00
09 DEC 2025,09 DEC 2025,UPI/200000170/SWIGGY/swiggy@payt/Payment,200000170,299.00,,-156311.00
09 DEC 2025,09 DEC 2025,UPI/200000171/MERCHANT/merch@ybl/Payment,200000171,199.00,,-156510.00
10 DEC 2025,10 DEC 2025,BBPS/ELECTRICITY/ADANI ELECTRICITY MUMBAI/REF000172,200000172,3461.00,,-159971.00
10 DEC 2025,10 DEC 2025,POS PURCHASE POS BP MUMBAI 000173,200000173,349.00,,-160320.00
10 DEC 2025,10 DEC 2025,POS PURCHASE POS DOM MUMBAI 000174,200000174,2499.00,,-162819.00
10 DEC 2025,10 DEC 2025,POS PURCHASE POS IOCL MUMBAI 000175,200000175,199.00,,-163018.00
10 DEC 2025,10 DEC 2025,UPI/200000176/MERCHANT/merch@ybl/Payment,200000176,799.00,,-163817.00
11 DEC 2025,11 DEC 2025,BBPS/MOBILE/JIO PREPAID/REF000177,200000177,799.00,,-164616.00
11 DEC 2025,11 DEC 2025,POS PURCHASE POS FLIP MUMBAI 000178,200000178,349.00,,-164965.00
11 DEC 2025,11 DEC 2025,UPI/200000179/SWIGGY/swiggy@payt/Payment,200000179,99.00,,-165064.00
11 DEC 2025,11 DEC 2025,UPI/200000180/OLA/ola@ybl/Ride,200000180,799.00,,-165863.00
12 DEC 2025,12 DEC 2025,UPI/998877665544/NETFLIX/netflix@icici/Subscription,200000181,499.00,,-166362.00
12 DEC 2025,12 DEC 2025,POS PURCHASE POS DMART MUMBAI 000182,200000182,1299.00,,-167661.00
12 DEC 2025,12 DEC 2025,POS PURCHASE POS DOM MUMBAI 000183,200000183,499.00,,-168160.00
12 DEC 2025,12 DEC 2025,POS PURCHASE POS FORTIS MUMBAI 000184,200000184,799.00,,-168959.00
12 DEC 2025,12 DEC 2025,UPI/200000185/VI/vi@ibl/Recharge,200000185,299.00,,-169258.00
13 DEC 2025,13 DEC 2025,POS PURCHASE POS PVR MUMBAI 000186,200000186,49.00,,-169307.00
13 DEC 2025,13 DEC 2025,UPI/200000187/Phonepe/Airtel Recharge,200000187,249.00,,-169556.00
13 DEC 2025,13 DEC 2025,UPI/200000188/ZOMATO/zomato@ybl/Payment,200000188,2499.00,,-172055.00
13 DEC 2025,13 DEC 2025,UPI/200000189/MERCHANT/merch@ybl/Payment,200000189,299.00,,-172354.00
14 DEC 2025,14 DEC 2025,POS PURCHASE POS CCD MUMBAI 000190,200000190,199.00,,-172553.00
14 DEC 2025,14 DEC 2025,POS PURCHASE POS DMART MUMBAI 000191,200000191,1899.00,,-174452.00
14 DEC 2025,14 DEC 2025,POS PURCHASE POS HP MUMBAI 000192,200000192,149.00,,-174601.00
14 DEC 2025,14 DEC 2025,UPI/200000193/MERCHANT/merch@ybl/Payment,200000193,299.00,,-174900.00
15 DEC 2025,15 DEC 2025,UPI/887766554433/SPOTIFY/spotify@ybl/Music,200000194,119.00,,-175019.00
15 DEC 2025,15 DEC 2025,UPI/200000195/Phonepe/Airtel Recharge,200000195,149.00,,-175168.00
15 DEC 2025,15 DEC 2025,BBPS/MOBILE/JIO PREPAID/REF000196,200000196,149.00,,-175317.00
15 DEC 2025,15 DEC 2025,UPI/200000197/VI/vi@ibl/Recharge,200000197,99.00,,-175416.00
15 DEC 2025,15 DEC 2025,UPI/200000198/VI/vi@ibl/Recharge,200000198,1899.00,,-177315.00
16 DEC 2025,16 DEC 2025,BBPS/MOBILE/JIO PREPAID/REF000199,200000199,499.00,,-177814.00
16 DEC 2025,16 DEC 2025,POS PURCHASE POS DMART MUMBAI 000200,200000200,299.00,,-178113.00
16 DEC 2025,16 DEC 2025,POS PURCHASE POS FLIP MUMBAI 000201,200000201,349.00,,-178462.00
16 DEC 2025,16 DEC 2025,UPI/200000202/Phonepe/Airtel Recharge,200000202,149.00,,-178611.00
17 DEC 2025,17 DEC 2025,BBPS/MOBILE/JIO PREPAID/REF000203,200000203,799.00,,-179410.00
17 DEC 2025,17 DEC 2025,BBPS/MOBILE/JIO PREPAID/REF000204,200000204,149.00,,-179559.00
17 DEC 2025,17 DEC 2025,POS PURCHASE POS DOM MUMBAI 000205,200000205,99.00,,-179658.00
17 DEC 2025,17 DEC 2025,POS PURCHASE POS FORTIS MUMBAI 000206,200000206,49.00,,-179707.00
17 DEC 2025,17 DEC 2025,UPI/200000207/Phonepe/Airtel Recharge,200000207,149.00,,-179856.00
18 DEC 2025,18 DEC 2025,POS PURCHASE POS APOLLO MUMBAI 000208,200000208,149.00,,-180005.00
18 DEC 2025,18 DEC 2025,POS PURCHASE POS HP MUMBAI 000209,200000209,199.00,,-180204.00
18 DEC 2025,18 DEC 2025,UPI/776655443322/AMAZON PAY/amazonpay@icici/Prime,200000210,299.00,,-180503.00
18 DEC 2025,18 DEC 2025,UPI/200000211/SWIGGY/swiggy@payt/Payment,200000211,349.00,,-180852.00
18 DEC 2025,18 DEC 2025,UPI/200000212/RAPIDO/rapido@ibl/Ride,200000212,99.00,,-180951.00
19 DEC 2025,19 DEC 2025,UPI/200000213/MERCHANT/merch@ybl/Payment,200000213,49.00,,-181000.00
19 DEC 2025,19 DEC 2025,UPI/200000214/OLA/ola@ybl/Ride,200000214,1299.00,,-182299.00
19 DEC 2025,19 DEC 2025,UPI/200000215/MERCHANT/merch@ybl/Payment,200000215,299.00,,-182598.00
19 DEC 2025,19 DEC 2025,UPI/200000216/RAPIDO/rapido@ibl/Ride,200000216,199.00,,-182797.00
20 DEC 2025,20 DEC 2025,UPI/665544332211/HOTSTAR/hotstar@paytm/Video,200000217,299.00,,-183096.00
20 DEC 2025,20 DEC 2025,POS PURCHASE POS HP MUMBAI 000218,200000218,2499.00,,-185595.00
20 DEC 2025,20 DEC 2025,POS PURCHASE POS HP MUMBAI 000219,200000219,2499.00,,-188094.00
20 DEC 2025,20 DEC 2025,POS PURCHASE POS IOCL MUMBAI 000220,200000220,499.00,,-188593.00
20 DEC 2025,20 DEC 2025,UPI/200000221/RAPIDO/rapido@ibl/Ride,200000221,349.00,,-188942.00
21 DEC 2025,21 DEC 2025,BBPS/MOBILE/JIO PREPAID/REF000222,200000222,299.00,,-189241.00
21 DEC 2025,21 DEC 2025,BBPS/MOBILE/JIO PREPAID/REF000223,200000223,499.00,,-189740.00
21 DEC 2025,21 DEC 2025,POS PURCHASE POS SB MUMBAI 000224,200000224,799.00,,-190539.00
21 DEC 2025,21 DEC 2025,UPI/200000225/UBER/uber@axis/Ride,200000225,149.00,,-190688.00
22 DEC 2025,22 DEC 2025,BBPS/MOBILE/JIO PREPAID/REF000226,200000226,1899.00,,-192587.00
22 DEC 2025,22 DEC 2025,POS PURCHASE POS CCD MUMBAI 000227,200000227,49.00,,-192636.00
22 DEC 2025,22 DEC 2025,POS PURCHASE POS KFC MUMBAI 000228,200000228,2499.00,,-195135.00
22 DEC 2025,22 DEC 2025,UPI/200000229/VI/vi@ibl/Recharge,200000229,249.00,,-195384.00
23 DEC 2025,23 DEC 2025,BBPS/MOBILE/JIO PREPAID/REF000230,200000230,799.00,,-196183.00
23 DEC 2025,23 DEC 2025,BBPS/MOBILE/JIO PREPAID/REF000231,200000231,1899.00,,-198082.00
23 DEC 2025,23 DEC 2025,POS PURCHASE POS CCD MUMBAI 000232,200000232,1299.00,,-199381.00
23 DEC 2025,23 DEC 2025,POS PURCHASE POS IOCL MUMBAI 000233,200000233,199.00,,-199580.00
24 DEC 2025,24 DEC 2025,BBPS/MOBILE/JIO PREPAID/REF000234,200000234,1899.00,,-201479.00
24 DEC 2025,24 DEC 2025,POS PURCHASE POS APOLLO MUMBAI 000235,200000235,499.00,,-201978.00
24 DEC 2025,24 DEC 2025,POS PURCHASE POS REL MUMBAI 000236,200000236,199.00,,-202177.00
24 DEC 2025,24 DEC 2025,UPI/200000237/UBER/uber@axis/Ride,200000237,199.00,,-202376.00
25 DEC 2025,25 DEC 2025,UPI/556677889900/LARGE GIFT/lrgift@paytm/Payment,200000238,62000.00,,-264376.00
25 DEC 2025,25 DEC 2025,BBPS/MOBILE/JIO PREPAID/REF000239,200000239,299.00,,-264675.00
25 DEC 2025,25 DEC 2025,BBPS/MOBILE/JIO PREPAID/REF000240,200000240,1299.00,,-265974.00
25 DEC 2025,25 DEC 2025,POS PURCHASE POS DMART MUMBAI 000241,200000241,1299.00,,-267273.00
25 DEC 2025,25 DEC 2025,POS PURCHASE POS SB MUMBAI 000242,200000242,349.00,,-267622.00
26 DEC 2025,26 DEC 2025,POS PURCHASE POS DMART MUMBAI 000243,200000243,1299.00,,-268921.00
26 DEC 2025,26 DEC 2025,POS PURCHASE POS PVR MUMBAI 000244,200000244,2499.00,,-271420.00
26 DEC 2025,26 DEC 2025,UPI/200000245/MERCHANT/merch@ybl/Payment,200000245,2499.00,,-273919.00
26 DEC 2025,26 DEC 2025,UPI/200000246/MERCHANT/merch@ybl/Payment,200000246,199.00,,-274118.00
27 DEC 2025,27 DEC 2025,POS PURCHASE POS CCD MUMBAI 000247,200000247,49.00,,-274167.00
27 DEC 2025,27 DEC 2025,POS PURCHASE POS DOM MUMBAI 000248,200000248,349.00,,-274516.00
27 DEC 2025,27 DEC 2025,UPI/200000249/MERCHANT/merch@ybl/Payment,200000249,299.00,,-274815.00
27 DEC 2025,27 DEC 2025,UPI/200000250/MERCHANT/merch@ybl/Payment,200000250,799.00,,-275614.00
28 DEC 2025,28 DEC 2025,POS PURCHASE POS BP MUMBAI 000251,200000251,199.00,,-275813.00
28 DEC 2025,28 DEC 2025,POS PURCHASE POS IOCL MUMBAI 000252,200000252,499.00,,-276312.00
28 DEC 2025,28 DEC 2025,UPI/200000253/ZOMATO/zomato@ybl/Payment,200000253,99.00,,-276411.00
28 DEC 2025,28 DEC 2025,UPI/200000254/RAPIDO/rapido@ibl/Ride,200000254,299.00,,-276710.00
29 DEC 2025,29 DEC 2025,POS PURCHASE POS APOLLO MUMBAI 000255,200000255,499.00,,-277209.00
29 DEC 2025,29 DEC 2025,POS PURCHASE POS HAL MUMBAI 000256,200000256,2499.00,,-279708.00
29 DEC 2025,29 DEC 2025,POS PURCHASE POS HAL MUMBAI 000257,200000257,49.00,,-279757.00
29 DEC 2025,29 DEC 2025,UPI/200000258/MERCHANT/merch@ybl/Payment,200000258,1299.00,,-281056.00
30 DEC 2025,30 DEC 2025,POS PURCHASE POS CCD MUMBAI 000259,200000259,499.00,,-281555.00
30 DEC 2025,30 DEC 2025,POS PURCHASE POS HAL MUMBAI 000260,200000260,199.00,,-281754.00
30 DEC 2025,30 DEC 2025,UPI/200000261/MERCHANT/merch@ybl/Payment,200000261,349.00,,-282103.00
30 DEC 2025,30 DEC 2025,UPI/200000262/MERCHANT/merch@ybl/Payment,200000262,499.00,,-282602.00
31 DEC 2025,31 DEC 2025,BBPS/MOBILE/JIO PREPAID/REF000263,200000263,2499.00,,-285101.00
31 DEC 2025,31 DEC 2025,POS PURCHASE POS DMART MUMBAI 000264,200000264,499.00,,-285600.00
31 DEC 2025,31 DEC 2025,POS PURCHASE POS KFC MUMBAI 000265,200000265,199.00,,-285799.00
31 DEC 2025,31 DEC 2025,UPI/200000266/VI/vi@ibl/Recharge,200000266,99.00,,-285898.00
01 JAN 2026,01 JAN 2026,NEFT CR-HDFC0001234-ABC COMPANY LTD-SALARY-200000267,200000267,,85000.00,-200898.00
01 JAN 2026,01 JAN 2026,BBPS/MOBILE/JIO PREPAID/REF000268,200000268,1899.00,,-202797.00
01 JAN 2026,01 JAN 2026,POS PURCHASE POS CCD MUMBAI 000269,200000269,1299.00,,-204096.00
01 JAN 2026,01 JAN 2026,POS PURCHASE POS HP MUMBAI 000270,200000270,799.00,,-204895.00
01 JAN 2026,01 JAN 2026,UPI/200000271/MERCHANT/merch@ybl/Payment,200000271,149.00,,-205044.00
02 JAN 2026,02 JAN 2026,POS PURCHASE POS FLIP MUMBAI 000272,200000272,249.00,,-205293.00
02 JAN 2026,02 JAN 2026,UPI/200000273/SWIGGY/swiggy@payt/Payment,200000273,2499.00,,-207792.00
02 JAN 2026,02 JAN 2026,UPI/200000274/MERCHANT/merch@ybl/Payment,200000274,1299.00,,-209091.00
02 JAN 2026,02 JAN 2026,UPI/200000275/MERCHANT/merch@ybl/Payment,200000275,1299.00,,-210390.00
03 JAN 2026,03 JAN 2026,BBPS/MOBILE/JIO PREPAID/REF000276,200000276,149.00,,-210539.00
03 JAN 2026,03 JAN 2026,POS PURCHASE POS BP MUMBAI 000277,200000277,249.00,,-210788.00
03 JAN 2026,03 JAN 2026,POS PURCHASE POS FLIP MUMBAI 000278,200000278,199.00,,-210987.00
03 JAN 2026,03 JAN 2026,POS PURCHASE POS FORTIS MUMBAI 000279,200000279,1299.00,,-212286.00
04 JAN 2026,04 JAN 2026,POS PURCHASE POS DOM MUMBAI 000280,200000280,2499.00,,-214785.00
04 JAN 2026,04 JAN 2026,UPI/200000281/MERCHANT/merch@ybl/Payment,200000281,2499.00,,-217284.00
04 JAN 2026,04 JAN 2026,UPI/200000282/MERCHANT/merch@ybl/Payment,200000282,99.00,,-217383.00
04 JAN 2026,04 JAN 2026,UPI/200000283/UBER/uber@axis/Ride,200000283,49.00,,-217432.00
05 JAN 2026,05 JAN 2026,ATM CASH WITHDRAWAL SBI0001234 ANDHERI,200000284,33000.00,,-250432.00
05 JAN 2026,05 JAN 2026,BBPS/MOBILE/JIO PREPAID/REF000285,200000285,149.00,,-250581.00
05 JAN 2026,05 JAN 2026,POS PURCHASE POS HP MUMBAI 000286,200000286,1899.00,,-252480.00
05 JAN 2026,05 JAN 2026,POS PURCHASE POS PVR MUMBAI 000287,200000287,349.00,,-252829.00
05 JAN 2026,05 JAN 2026,NEFT DR-ICIC0005678-LANDLORD RENT-200000288,200000288,18000.00,,-270829.00
05 JAN 2026,05 JAN 2026,UPI/200000289/MERCHANT/merch@ybl/Payment,200000289,1899.00,,-272728.00
06 JAN 2026,06 JAN 2026,POS PURCHASE POS DMART MUMBAI 000290,200000290,99.00,,-272827.00
06 JAN 2026,06 JAN 2026,POS PURCHASE POS FLIP MUMBAI 000291,200000291,149.00,,-272976.00
06 JAN 2026,06 JAN 2026,UPI/200000292/MERCHANT/merch@ybl/Payment,200000292,49.00,,-273025.00
06 JAN 2026,06 JAN 2026,UPI/200000293/MERCHANT/merch@ybl/Payment,200000293,2499.00,,-275524.00
07 JAN 2026,07 JAN 2026,POS PURCHASE POS BP MUMBAI 000294,200000294,799.00,,-276323.00
07 JAN 2026,07 JAN 2026,POS PURCHASE POS CCD MUMBAI 000295,200000295,349.00,,-276672.00
07 JAN 2026,07 JAN 2026,POS PURCHASE POS FORTIS MUMBAI 000296,200000296,349.00,,-277021.00
07 JAN 2026,07 JAN 2026,UPI/200000297/ZOMATO/zomato@ybl/Payment,200000297,1899.00,,-278920.00
08 JAN 2026,08 JAN 2026,BBPS/BROADBAND/ACT FIBERNET/REF000298,200000298,999.00,,-279919.00
08 JAN 2026,08 JAN 2026,POS PURCHASE POS IOCL MUMBAI 000299,200000299,199.00,,-280118.00
08 JAN 2026,08 JAN 2026,POS PURCHASE POS SB MUMBAI 000300,200000300,349.00,,-280467.00
08 JAN 2026,08 JAN 2026,UPI/200000301/MERCHANT/merch@ybl/Payment,200000301,149.00,,-280616.00
08 JAN 2026,08 JAN 2026,UPI/200000302/VI/vi@ibl/Recharge,200000302,2499.00,,-283115.00
09 JAN 2026,09 JAN 2026,BBPS/MOBILE/JIO PREPAID/REF000303,200000303,1899.00,,-285014.00
09 JAN 2026,09 JAN 2026,POS PURCHASE ECOM MYN MUMBAI 000304,200000304,99.00,,-285113.00
09 JAN 2026,09 JAN 2026,POS PURCHASE POS MCD MUMBAI 000305,200000305,2499.00,,-287612.00
09 JAN 2026,09 JAN 2026,UPI/200000306/MERCHANT/merch@ybl/Payment,200000306,1899.00,,-289511.00
10 JAN 2026,10 JAN 2026,BBPS/ELECTRICITY/ADANI ELECTRICITY MUMBAI/REF000307,200000307,2933.00,,-292444.00
10 JAN 2026,10 JAN 2026,POS PURCHASE POS BP MUMBAI 000308,200000308,349.00,,-292793.00
10 JAN 2026,10 JAN 2026,POS PURCHASE POS PVR MUMBAI 000309,200000309,99.00,,-292892.00
10 JAN 2026,10 JAN 2026,UPI/200000310/OLA/ola@ybl/Ride,200000310,49.00,,-292941.00
10 JAN 2026,10 JAN 2026,UPI/200000311/RAPIDO/rapido@ibl/Ride,200000311,199.00,,-293140.00
11 JAN 2026,11 JAN 2026,POS PURCHASE ECOM MYN MUMBAI 000312,200000312,299.00,,-293439.00
11 JAN 2026,11 JAN 2026,POS PURCHASE POS DOM MUMBAI 000313,200000313,199.00,,-293638.00
11 JAN 2026,11 JAN 2026,POS PURCHASE POS KFC MUMBAI 000314,200000314,1899.00,,-295537.00
11 JAN 2026,11 JAN 2026,UPI/200000315/UBER/uber@axis/Ride,200000315,199.00,,-295736.00
12 JAN 2026,12 JAN 2026,POS PURCHASE ECOM MYN MUMBAI 000316,200000316,299.00,,-296035.00
12 JAN 2026,12 JAN 2026,UPI/998877665544/NETFLIX/netflix@icici/Subscription,200000317,499.00,,-296534.00
12 JAN 2026,12 JAN 2026,POS PURCHASE POS INOX MUMBAI 000318,200000318,2499.00,,-299033.00
12 JAN 2026,12 JAN 2026,UPI/200000319/MERCHANT/merch@ybl/Payment,200000319,299.00,,-299332.00
12 JAN 2026,12 JAN 2026,BBPS/MOBILE/JIO PREPAID/REF000320,200000320,249.00,,-299581.00
13 JAN 2026,13 JAN 2026,BBPS/MOBILE/JIO PREPAID/REF000321,200000321,299.00,,-299880.00
13 JAN 2026,13 JAN 2026,POS PURCHASE POS PVR MUMBAI 000322,200000322,2499.00,,-302379.00
13 JAN 2026,13 JAN 2026,UPI/200000323/ZOMATO/zomato@ybl/Payment,200000323,799.00,,-303178.00
13 JAN 2026,13 JAN 2026,UPI/200000324/VI/vi@ibl/Recharge,200000324,199.00,,-303377.00
14 JAN 2026,14 JAN 2026,POS PURCHASE POS CCD MUMBAI 000325,200000325,499.00,,-303876.00
14 JAN 2026,14 JAN 2026,POS PURCHASE POS HAL MUMBAI 000326,200000326,199.00,,-304075.00
14 JAN 2026,14 JAN 2026,POS PURCHASE POS REL MUMBAI 000327,200000327,349.00,,-304424.00
14 JAN 2026,14 JAN 2026,UPI/200000328/MERCHANT/merch@ybl/Payment,200000328,199.00,,-304623.00
14 JAN 2026,14 JAN 2026,UPI/200000329/VI/vi@ibl/Recharge,200000329,499.00,,-305122.00
15 JAN 2026,15 JAN 2026,POS PURCHASE POS APOLLO MUMBAI 000330,200000330,499.00,,-305621.00
15 JAN 2026,15 JAN 2026,POS PURCHASE POS PVR MUMBAI 000331,200000331,1299.00,,-306920.00
15 JAN 2026,15 JAN 2026,POS PURCHASE POS REL MUMBAI 000332,200000332,2499.00,,-309419.00
15 JAN 2026,15 JAN 2026,UPI/887766554433/SPOTIFY/spotify@ybl/Music,200000333,119.00,,-309538.00
15 JAN 2026,15 JAN 2026,UPI/200000334/MERCHANT/merch@ybl/Payment,200000334,199.00,,-309737.00
16 JAN 2026,16 JAN 2026,POS PURCHASE POS INOX MUMBAI 000335,200000335,199.00,,-309936.00
16 JAN 2026,16 JAN 2026,POS PURCHASE POS PVR MUMBAI 000336,200000336,199.00,,-310135.00
16 JAN 2026,16 JAN 2026,UPI/200000337/Phonepe/Airtel Recharge,200000337,799.00,,-310934.00
16 JAN 2026,16 JAN 2026,UPI/200000338/MERCHANT/merch@ybl/Payment,200000338,199.00,,-311133.00
17 JAN 2026,17 JAN 2026,POS PURCHASE ECOM MYN MUMBAI 000339,200000339,1899.00,,-313032.00
17 JAN 2026,17 JAN 2026,POS PURCHASE ECOM MYN MUMBAI 000340,200000340,49.00,,-313081.00
17 JAN 2026,17 JAN 2026,POS PURCHASE POS KFC MUMBAI 000341,200000341,299.00,,-313380.00
17 JAN 2026,17 JAN 2026,UPI/200000342/MERCHANT/merch@ybl/Payment,200000342,349.00,,-313729.00
18 JAN 2026,18 JAN 2026,BBPS/MOBILE/JIO PREPAID/REF000343,200000343,249.00,,-313978.00
18 JAN 2026,18 JAN 2026,POS PURCHASE POS DMART MUMBAI 000344,200000344,199.00,,-314177.00
18 JAN 2026,18 JAN 2026,UPI/776655443322/AMAZON PAY/amazonpay@icici/Prime,200000345,299.00,,-314476.00
18 JAN 2026,18 JAN 2026,UPI/200000346/MERCHANT/merch@ybl/Payment,200000346,99.00,,-314575.00
18 JAN 2026,18 JAN 2026,UPI/200000347/RAPIDO/rapido@ibl/Ride,200000347,149.00,,-314724.00
19 JAN 2026,19 JAN 2026,POS PURCHASE POS APOLLO MUMBAI 000348,200000348,499.00,,-315223.00
19 JAN 2026,19 JAN 2026,UPI/200000349/Phonepe/Airtel Recharge,200000349,49.00,,-315272.00
19 JAN 2026,19 JAN 2026,BBPS/MOBILE/JIO PREPAID/REF000350,200000350,299.00,,-315571.00
19 JAN 2026,19 JAN 2026,UPI/200000351/VI/vi@ibl/Recharge,200000351,49.00,,-315620.00
20 JAN 2026,20 JAN 2026,UPI/665544332211/HOTSTAR/hotstar@paytm/Video,200000352,299.00,,-315919.00
20 JAN 2026,20 JAN 2026,POS PURCHASE POS FORTIS MUMBAI 000353,200000353,1299.00,,-317218.00
20 JAN 2026,20 JAN 2026,POS PURCHASE POS HAL MUMBAI 000354,200000354,1299.00,,-318517.00
20 JAN 2026,20 JAN 2026,POS PURCHASE POS PVR MUMBAI 000355,200000355,199.00,,-318716.00
20 JAN 2026,20 JAN 2026,UPI/200000356/MERCHANT/merch@ybl/Payment,200000356,249.00,,-318965.00
21 JAN 2026,21 JAN 2026,BBPS/MOBILE/JIO PREPAID/REF000357,200000357,349.00,,-319314.00
21 JAN 2026,21 JAN 2026,POS PURCHASE POS CCD MUMBAI 000358,200000358,799.00,,-320113.00
21 JAN 2026,21 JAN 2026,UPI/200000359/MERCHANT/merch@ybl/Payment,200000359,349.00,,-320462.00
21 JAN 2026,21 JAN 2026,UPI/200000360/RAPIDO/rapido@ibl/Ride,200000360,99.00,,-320561.00
22 JAN 2026,22 JAN 2026,UPI/334455667788/XYZ TRADING LTD/xyztrd@okaxis/Payment,200000361,75000.00,,-395561.00
22 JAN 2026,22 JAN 2026,BBPS/MOBILE/JIO PREPAID/REF000362,200000362,349.00,,-395910.00
22 JAN 2026,22 JAN 2026,BBPS/MOBILE/JIO PREPAID/REF000363,200000363,199.00,,-396109.00
22 JAN 2026,22 JAN 2026,POS PURCHASE POS CCD MUMBAI 000364,200000364,299.00,,-396408.00
22 JAN 2026,22 JAN 2026,POS PURCHASE POS INOX MUMBAI 000365,200000365,2499.00,,-398907.00
23 JAN 2026,23 JAN 2026,POS PURCHASE ECOM MYN MUMBAI 000366,200000366,299.00,,-399206.00
23 JAN 2026,23 JAN 2026,POS PURCHASE POS HP MUMBAI 000367,200000367,499.00,,-399705.00
23 JAN 2026,23 JAN 2026,POS PURCHASE POS HP MUMBAI 000368,200000368,49.00,,-399754.00
23 JAN 2026,23 JAN 2026,UPI/200000369/VI/vi@ibl/Recharge,200000369,499.00,,-400253.00
24 JAN 2026,24 JAN 2026,POS PURCHASE POS HP MUMBAI 000370,200000370,299.00,,-400552.00
24 JAN 2026,24 JAN 2026,BBPS/MOBILE/JIO PREPAID/REF000371,200000371,249.00,,-400801.00
24 JAN 2026,24 JAN 2026,BBPS/MOBILE/JIO PREPAID/REF000372,200000372,499.00,,-401300.00
24 JAN 2026,24 JAN 2026,UPI/200000373/UBER/uber@axis/Ride,200000373,2499.00,,-403799.00
25 JAN 2026,25 JAN 2026,POS PURCHASE ECOM MYN MUMBAI 000374,200000374,1899.00,,-405698.00
25 JAN 2026,25 JAN 2026,POS PURCHASE POS IOCL MUMBAI 000375,200000375,49.00,,-405747.00
25 JAN 2026,25 JAN 2026,POS PURCHASE POS PVR MUMBAI 000376,200000376,149.00,,-405896.00
25 JAN 2026,25 JAN 2026,UPI/200000377/MERCHANT/merch@ybl/Payment,200000377,349.00,,-406245.00
26 JAN 2026,26 JAN 2026,POS PURCHASE POS MCD MUMBAI 000378,200000378,99.00,,-406344.00
26 JAN 2026,26 JAN 2026,POS PURCHASE POS SB MUMBAI 000379,200000379,299.00,,-406643.00
26 JAN 2026,26 JAN 2026,BBPS/MOBILE/JIO PREPAID/REF000380,200000380,2499.00,,-409142.00
26 JAN 2026,26 JAN 2026,BBPS/MOBILE/JIO PREPAID/REF000381,200000381,349.00,,-409491.00
27 JAN 2026,27 JAN 2026,POS PURCHASE POS HAL MUMBAI 000382,200000382,2499.00,,-411990.00
27 JAN 2026,27 JAN 2026,UPI/200000383/Phonepe/Airtel Recharge,200000383,1299.00,,-413289.00
27 JAN 2026,27 JAN 2026,UPI/200000384/SWIGGY/swiggy@payt/Payment,200000384,49.00,,-413338.00
27 JAN 2026,27 JAN 2026,UPI/200000385/SWIGGY/swiggy@payt/Payment,200000385,249.00,,-413587.00
28 JAN 2026,28 JAN 2026,POS PURCHASE POS DMART MUMBAI 000386,200000386,149.00,,-413736.00
28 JAN 2026,28 JAN 2026,POS PURCHASE POS HAL MUMBAI 000387,200000387,299.00,,-414035.00
28 JAN 2026,28 JAN 2026,POS PURCHASE POS IOCL MUMBAI 000388,200000388,799.00,,-414834.00
28 JAN 2026,28 JAN 2026,UPI/200000389/MERCHANT/merch@ybl/Payment,200000389,199.00,,-415033.00
29 JAN 2026,29 JAN 2026,POS PURCHASE POS FORTIS MUMBAI 000390,200000390,199.00,,-415232.00
29 JAN 2026,29 JAN 2026,POS PURCHASE POS INOX MUMBAI 000391,200000391,1299.00,,-416531.00
29 JAN 2026,29 JAN 2026,UPI/200000392/MERCHANT/merch@ybl/Payment,200000392,2499.00,,-419030.00
29 JAN 2026,29 JAN 2026,UPI/200000393/ZOMATO/zomato@ybl/Payment,200000393,499.00,,-419529.00
30 JAN 2026,30 JAN 2026,POS PURCHASE POS FLIP MUMBAI 000394,200000394,249.00,,-419778.00
30 JAN 2026,30 JAN 2026,BBPS/MOBILE/JIO PREPAID/REF000395,200000395,49.00,,-419827.00
30 JAN 2026,30 JAN 2026,UPI/200000396/UBER/uber@axis/Ride,200000396,49.00,,-419876.00
30 JAN 2026,30 JAN 2026,UPI/200000397/UBER/uber@axis/Ride,200000397,799.00,,-420675.00
31 JAN 2026,31 JAN 2026,POS PURCHASE POS APOLLO MUMBAI 000398,200000398,149.00,,-420824.00
31 JAN 2026,31 JAN 2026,UPI/200000399/SWIGGY/swiggy@payt/Payment,200000399,149.00,,-420973.00
31 JAN 2026,31 JAN 2026,UPI/200000400/ZOMATO/zomato@ybl/Payment,200000400,2499.00,,-423472.00
31 JAN 2026,31 JAN 2026,UPI/200000401/ZOMATO/zomato@ybl/Payment,200000401,499.00,,-423971.00
01 FEB 2026,01 FEB 2026,NEFT CR-HDFC0001234-ABC COMPANY LTD-SALARY-200000402,200000402,,85000.00,-338971.00
01 FEB 2026,01 FEB 2026,BBPS/MOBILE/JIO PREPAID/REF000403,200000403,1899.00,,-340870.00
01 FEB 2026,01 FEB 2026,UPI/200000404/SWIGGY/swiggy@payt/Payment,200000404,99.00,,-340969.00
01 FEB 2026,01 FEB 2026,UPI/200000405/OLA/ola@ybl/Ride,200000405,799.00,,-341768.00
01 FEB 2026,01 FEB 2026,UPI/200000406/RAPIDO/rapido@ibl/Ride,200000406,349.00,,-342117.00
02 FEB 2026,02 FEB 2026,UPI/445566778899/VERIFY/probe@ybl/Test,200000407,1.00,,-342118.00
02 FEB 2026,02 FEB 2026,UPI/445566778899/VERIFY/probe@ybl/Test,200000408,1.00,,-342119.00
02 FEB 2026,02 FEB 2026,POS PURCHASE POS PVR MUMBAI 000409,200000409,199.00,,-342318.00
02 FEB 2026,02 FEB 2026,UPI/200000410/MERCHANT/merch@ybl/Payment,200000410,99.00,,-342417.00
02 FEB 2026,02 FEB 2026,BBPS/MOBILE/JIO PREPAID/REF000411,200000411,1299.00,,-343716.00
02 FEB 2026,02 FEB 2026,UPI/200000412/MERCHANT/merch@ybl/Payment,200000412,199.00,,-343915.00
03 FEB 2026,03 FEB 2026,POS PURCHASE POS IOCL MUMBAI 000413,200000413,1299.00,,-345214.00
03 FEB 2026,03 FEB 2026,POS PURCHASE POS REL MUMBAI 000414,200000414,249.00,,-345463.00
03 FEB 2026,03 FEB 2026,POS PURCHASE POS REL MUMBAI 000415,200000415,1299.00,,-346762.00
03 FEB 2026,03 FEB 2026,UPI/200000416/SWIGGY/swiggy@payt/Payment,200000416,1899.00,,-348661.00
04 FEB 2026,04 FEB 2026,POS PURCHASE ECOM MYN MUMBAI 000417,200000417,1899.00,,-350560.00
04 FEB 2026,04 FEB 2026,POS PURCHASE POS HP MUMBAI 000418,200000418,149.00,,-350709.00
04 FEB 2026,04 FEB 2026,UPI/200000419/RAPIDO/rapido@ibl/Ride,200000419,799.00,,-351508.00
04 FEB 2026,04 FEB 2026,UPI/200000420/UBER/uber@axis/Ride,200000420,2499.00,,-354007.00
05 FEB 2026,05 FEB 2026,POS PURCHASE POS HAL MUMBAI 000421,200000421,349.00,,-354356.00
05 FEB 2026,05 FEB 2026,NEFT DR-ICIC0005678-LANDLORD RENT-200000422,200000422,18000.00,,-372356.00
05 FEB 2026,05 FEB 2026,UPI/200000423/Phonepe/Airtel Recharge,200000423,1299.00,,-373655.00
05 FEB 2026,05 FEB 2026,UPI/200000424/MERCHANT/merch@ybl/Payment,200000424,249.00,,-373904.00
05 FEB 2026,05 FEB 2026,UPI/200000425/MERCHANT/merch@ybl/Payment,200000425,1299.00,,-375203.00
06 FEB 2026,06 FEB 2026,POS PURCHASE POS FORTIS MUMBAI 000426,200000426,499.00,,-375702.00
06 FEB 2026,06 FEB 2026,POS PURCHASE POS PVR MUMBAI 000427,200000427,249.00,,-375951.00
06 FEB 2026,06 FEB 2026,UPI/200000428/OLA/ola@ybl/Ride,200000428,799.00,,-376750.00
06 FEB 2026,06 FEB 2026,UPI/200000429/VI/vi@ibl/Recharge,200000429,99.00,,-376849.00
07 FEB 2026,07 FEB 2026,BBPS/MOBILE/JIO PREPAID/REF000430,200000430,799.00,,-377648.00
07 FEB 2026,07 FEB 2026,POS PURCHASE POS DOM MUMBAI 000431,200000431,1299.00,,-378947.00
07 FEB 2026,07 FEB 2026,POS PURCHASE POS FORTIS MUMBAI 000432,200000432,1899.00,,-380846.00
07 FEB 2026,07 FEB 2026,POS PURCHASE POS KFC MUMBAI 000433,200000433,799.00,,-381645.00
07 FEB 2026,07 FEB 2026,UPI/200000434/MERCHANT/merch@ybl/Payment,200000434,49.00,,-381694.00
08 FEB 2026,08 FEB 2026,POS PURCHASE ECOM MYN MUMBAI 000435,200000435,1299.00,,-382993.00
08 FEB 2026,08 FEB 2026,BBPS/BROADBAND/ACT FIBERNET/REF000436,200000436,999.00,,-383992.00
08 FEB 2026,08 FEB 2026,POS PURCHASE POS MCD MUMBAI 000437,200000437,349.00,,-384341.00
08 FEB 2026,08 FEB 2026,POS PURCHASE POS REL MUMBAI 000438,200000438,299.00,,-384640.00
08 FEB 2026,08 FEB 2026,POS PURCHASE POS REL MUMBAI 000439,200000439,1299.00,,-385939.00
09 FEB 2026,09 FEB 2026,POS PURCHASE POS DOM MUMBAI 000440,200000440,49.00,,-385988.00
09 FEB 2026,09 FEB 2026,POS PURCHASE POS DOM MUMBAI 000441,200000441,349.00,,-386337.00
09 FEB 2026,09 FEB 2026,POS PURCHASE POS KFC MUMBAI 000442,200000442,499.00,,-386836.00
09 FEB 2026,09 FEB 2026,UPI/200000443/RAPIDO/rapido@ibl/Ride,200000443,2499.00,,-389335.00
10 FEB 2026,10 FEB 2026,BBPS/ELECTRICITY/ADANI ELECTRICITY MUMBAI/REF000444,200000444,2547.00,,-391882.00
10 FEB 2026,10 FEB 2026,POS PURCHASE POS INOX MUMBAI 000445,200000445,199.00,,-392081.00
10 FEB 2026,10 FEB 2026,POS PURCHASE POS KFC MUMBAI 000446,200000446,149.00,,-392230.00
10 FEB 2026,10 FEB 2026,POS PURCHASE POS SB MUMBAI 000447,200000447,249.00,,-392479.00
10 FEB 2026,10 FEB 2026,UPI/200000448/ZOMATO/zomato@ybl/Payment,200000448,49.00,,-392528.00
11 FEB 2026,11 FEB 2026,POS PURCHASE POS KFC MUMBAI 000449,200000449,499.00,,-393027.00
11 FEB 2026,11 FEB 2026,POS PURCHASE POS MCD MUMBAI 000450,200000450,49.00,,-393076.00
11 FEB 2026,11 FEB 2026,UPI/200000451/MERCHANT/merch@ybl/Payment,200000451,499.00,,-393575.00
11 FEB 2026,11 FEB 2026,UPI/200000452/VI/vi@ibl/Recharge,200000452,349.00,,-393924.00
12 FEB 2026,12 FEB 2026,BBPS/MOBILE/JIO PREPAID/REF000453,200000453,349.00,,-394273.00
12 FEB 2026,12 FEB 2026,UPI/998877665544/NETFLIX/netflix@icici/Subscription,200000454,499.00,,-394772.00
12 FEB 2026,12 FEB 2026,POS PURCHASE POS CCD MUMBAI 000455,200000455,499.00,,-395271.00
12 FEB 2026,12 FEB 2026,POS PURCHASE POS DMART MUMBAI 000456,200000456,799.00,,-396070.00
12 FEB 2026,12 FEB 2026,POS PURCHASE POS MCD MUMBAI 000457,200000457,2499.00,,-398569.00
13 FEB 2026,13 FEB 2026,POS PURCHASE POS CCD MUMBAI 000458,200000458,1299.00,,-399868.00
13 FEB 2026,13 FEB 2026,POS PURCHASE POS KFC MUMBAI 000459,200000459,149.00,,-400017.00
13 FEB 2026,13 FEB 2026,POS PURCHASE POS PVR MUMBAI 000460,200000460,149.00,,-400166.00
13 FEB 2026,13 FEB 2026,UPI/200000461/MERCHANT/merch@ybl/Payment,200000461,99.00,,-400265.00
14 FEB 2026,14 FEB 2026,NEFT DR-ICIC0002211-ROUND TEST BENEFICIARY-N998877,200000462,100000.00,,-500265.00
14 FEB 2026,14 FEB 2026,POS PURCHASE POS DOM MUMBAI 000463,200000463,499.00,,-500764.00
14 FEB 2026,14 FEB 2026,POS PURCHASE POS INOX MUMBAI 000464,200000464,1299.00,,-502063.00
14 FEB 2026,14 FEB 2026,UPI/200000465/ZOMATO/zomato@ybl/Payment,200000465,499.00,,-502562.00
14 FEB 2026,14 FEB 2026,UPI/200000466/UBER/uber@axis/Ride,200000466,499.00,,-503061.00
15 FEB 2026,15 FEB 2026,POS PURCHASE POS FORTIS MUMBAI 000467,200000467,299.00,,-503360.00
15 FEB 2026,15 FEB 2026,POS PURCHASE POS PVR MUMBAI 000468,200000468,99.00,,-503459.00
15 FEB 2026,15 FEB 2026,UPI/887766554433/SPOTIFY/spotify@ybl/Music,200000469,119.00,,-503578.00
15 FEB 2026,15 FEB 2026,UPI/200000470/ZOMATO/zomato@ybl/Payment,200000470,99.00,,-503677.00
15 FEB 2026,15 FEB 2026,UPI/200000471/MERCHANT/merch@ybl/Payment,200000471,799.00,,-504476.00
16 FEB 2026,16 FEB 2026,BBPS/MOBILE/JIO PREPAID/REF000472,200000472,149.00,,-504625.00
16 FEB 2026,16 FEB 2026,POS PURCHASE POS CCD MUMBAI 000473,200000473,1899.00,,-506524.00
16 FEB 2026,16 FEB 2026,POS PURCHASE POS MCD MUMBAI 000474,200000474,149.00,,-506673.00
16 FEB 2026,16 FEB 2026,UPI/200000475/VI/vi@ibl/Recharge,200000475,349.00,,-507022.00
17 FEB 2026,17 FEB 2026,BBPS/MOBILE/JIO PREPAID/REF000476,200000476,249.00,,-507271.00
17 FEB 2026,17 FEB 2026,POS PURCHASE POS BP MUMBAI 000477,200000477,799.00,,-508070.00
17 FEB 2026,17 FEB 2026,POS PURCHASE POS PVR MUMBAI 000478,200000478,1299.00,,-509369.00
17 FEB 2026,17 FEB 2026,UPI/200000479/MERCHANT/merch@ybl/Payment,200000479,799.00,,-510168.00
18 FEB 2026,18 FEB 2026,POS PURCHASE POS FLIP MUMBAI 000480,200000480,49.00,,-510217.00
18 FEB 2026,18 FEB 2026,POS PURCHASE POS HAL MUMBAI 000481,200000481,799.00,,-511016.00
18 FEB 2026,18 FEB 2026,POS PURCHASE POS INOX MUMBAI 000482,200000482,1299.00,,-512315.00
18 FEB 2026,18 FEB 2026,POS PURCHASE POS KFC MUMBAI 000483,200000483,349.00,,-512664.00
18 FEB 2026,18 FEB 2026,UPI/776655443322/AMAZON PAY/amazonpay@icici/Prime,200000484,299.00,,-512963.00
18 FEB 2026,18 FEB 2026,UPI/200000485/RAPIDO/rapido@ibl/Ride,200000485,149.00,,-513112.00
19 FEB 2026,19 FEB 2026,BBPS/MOBILE/JIO PREPAID/REF000486,200000486,349.00,,-513461.00
19 FEB 2026,19 FEB 2026,POS PURCHASE POS KFC MUMBAI 000487,200000487,1299.00,,-514760.00
19 FEB 2026,19 FEB 2026,UPI/200000488/MERCHANT/merch@ybl/Payment,200000488,299.00,,-515059.00
19 FEB 2026,19 FEB 2026,UPI/200000489/UBER/uber@axis/Ride,200000489,149.00,,-515208.00
20 FEB 2026,20 FEB 2026,BBPS/MOBILE/JIO PREPAID/REF000490,200000490,799.00,,-516007.00
20 FEB 2026,20 FEB 2026,UPI/665544332211/HOTSTAR/hotstar@paytm/Video,200000491,299.00,,-516306.00
20 FEB 2026,20 FEB 2026,POS PURCHASE POS REL MUMBAI 000492,200000492,149.00,,-516455.00
20 FEB 2026,20 FEB 2026,UPI/200000493/MERCHANT/merch@ybl/Payment,200000493,349.00,,-516804.00
20 FEB 2026,20 FEB 2026,UPI/200000494/MERCHANT/merch@ybl/Payment,200000494,799.00,,-517603.00
21 FEB 2026,21 FEB 2026,UPI/200000495/MERCHANT/merch@ybl/Payment,200000495,799.00,,-518402.00
21 FEB 2026,21 FEB 2026,UPI/200000496/MERCHANT/merch@ybl/Payment,200000496,49.00,,-518451.00
21 FEB 2026,21 FEB 2026,UPI/200000497/MERCHANT/merch@ybl/Payment,200000497,299.00,,-518750.00
21 FEB 2026,21 FEB 2026,UPI/200000498/MERCHANT/merch@ybl/Payment,200000498,799.00,,-519549.00
22 FEB 2026,22 FEB 2026,POS PURCHASE POS REL MUMBAI 000499,200000499,299.00,,-519848.00
22 FEB 2026,22 FEB 2026,UPI/200000500/MERCHANT/merch@ybl/Payment,200000500,99.00,,-519947.00
22 FEB 2026,22 FEB 2026,UPI/200000501/MERCHANT/merch@ybl/Payment,200000501,349.00,,-520296.00
22 FEB 2026,22 FEB 2026,UPI/200000502/RAPIDO/rapido@ibl/Ride,200000502,1299.00,,-521595.00
23 FEB 2026,23 FEB 2026,BBPS/MOBILE/JIO PREPAID/REF000503,200000503,299.00,,-521894.00
23 FEB 2026,23 FEB 2026,POS PURCHASE POS IOCL MUMBAI 000504,200000504,2499.00,,-524393.00
23 FEB 2026,23 FEB 2026,POS PURCHASE POS REL MUMBAI 000505,200000505,49.00,,-524442.00
23 FEB 2026,23 FEB 2026,UPI/200000506/MERCHANT/merch@ybl/Payment,200000506,99.00,,-524541.00
24 FEB 2026,24 FEB 2026,POS PURCHASE ECOM MYN MUMBAI 000507,200000507,799.00,,-525340.00
24 FEB 2026,24 FEB 2026,UPI/200000508/Phonepe/Airtel Recharge,200000508,299.00,,-525639.00
24 FEB 2026,24 FEB 2026,UPI/200000509/MERCHANT/merch@ybl/Payment,200000509,349.00,,-525988.00
24 FEB 2026,24 FEB 2026,UPI/200000510/MERCHANT/merch@ybl/Payment,200000510,499.00,,-526487.00
25 FEB 2026,25 FEB 2026,POS PURCHASE POS INOX MUMBAI 000511,200000511,1899.00,,-528386.00
25 FEB 2026,25 FEB 2026,POS PURCHASE POS PVR MUMBAI 000512,200000512,149.00,,-528535.00
25 FEB 2026,25 FEB 2026,BBPS/MOBILE/JIO PREPAID/REF000513,200000513,499.00,,-529034.00
25 FEB 2026,25 FEB 2026,UPI/200000514/VI/vi@ibl/Recharge,200000514,99.00,,-529133.00
26 FEB 2026,26 FEB 2026,POS PURCHASE POS MCD MUMBAI 000515,200000515,99.00,,-529232.00
26 FEB 2026,26 FEB 2026,UPI/200000516/ZOMATO/zomato@ybl/Payment,200000516,249.00,,-529481.00
26 FEB 2026,26 FEB 2026,BBPS/MOBILE/JIO PREPAID/REF000517,200000517,49.00,,-529530.00
26 FEB 2026,26 FEB 2026,UPI/200000518/MERCHANT/merch@ybl/Payment,200000518,1899.00,,-531429.00
27 FEB 2026,27 FEB 2026,POS PURCHASE POS DMART MUMBAI 000519,200000519,49.00,,-531478.00
27 FEB 2026,27 FEB 2026,UPI/200000520/SWIGGY/swiggy@payt/Payment,200000520,1899.00,,-533377.00
27 FEB 2026,27 FEB 2026,UPI/200000521/ZOMATO/zomato@ybl/Payment,200000521,2499.00,,-535876.00
27 FEB 2026,27 FEB 2026,UPI/200000522/UBER/uber@axis/Ride,200000522,199.00,,-536075.00
28 FEB 2026,28 FEB 2026,POS PURCHASE POS DOM MUMBAI 000523,200000523,99.00,,-536174.00
28 FEB 2026,28 FEB 2026,POS PURCHASE POS REL MUMBAI 000524,200000524,499.00,,-536673.00
28 FEB 2026,28 FEB 2026,UPI/200000525/MERCHANT/merch@ybl/Payment,200000525,99.00,,-536772.00
28 FEB 2026,28 FEB 2026,UPI/200000526/RAPIDO/rapido@ibl/Ride,200000526,99.00,,-536871.00
01 MAR 2026,01 MAR 2026,NEFT CR-HDFC0001234-ABC COMPANY LTD-SALARY-200000527,200000527,,85000.00,-451871.00
01 MAR 2026,01 MAR 2026,POS PURCHASE POS BP MUMBAI 000528,200000528,1299.00,,-453170.00
01 MAR 2026,01 MAR 2026,POS PURCHASE POS HP MUMBAI 000529,200000529,49.00,,-453219.00
01 MAR 2026,01 MAR 2026,UPI/200000530/SWIGGY/swiggy@payt/Payment,200000530,349.00,,-453568.00
01 MAR 2026,01 MAR 2026,UPI/200000531/OLA/ola@ybl/Ride,200000531,2499.00,,-456067.00
02 MAR 2026,02 MAR 2026,POS PURCHASE POS DMART MUMBAI 000532,200000532,49.00,,-456116.00
02 MAR 2026,02 MAR 2026,POS PURCHASE POS IOCL MUMBAI 000533,200000533,499.00,,-456615.00
02 MAR 2026,02 MAR 2026,UPI/200000534/RAPIDO/rapido@ibl/Ride,200000534,149.00,,-456764.00
02 MAR 2026,02 MAR 2026,UPI/200000535/RAPIDO/rapido@ibl/Ride,200000535,49.00,,-456813.00
03 MAR 2026,03 MAR 2026,BBPS/MOBILE/JIO PREPAID/REF000536,200000536,2499.00,,-459312.00
03 MAR 2026,03 MAR 2026,POS PURCHASE POS FLIP MUMBAI 000537,200000537,149.00,,-459461.00
03 MAR 2026,03 MAR 2026,POS PURCHASE POS REL MUMBAI 000538,200000538,49.00,,-459510.00
03 MAR 2026,03 MAR 2026,UPI/200000539/MERCHANT/merch@ybl/Payment,200000539,349.00,,-459859.00
04 MAR 2026,04 MAR 2026,POS PURCHASE POS IOCL MUMBAI 000540,200000540,299.00,,-460158.00
04 MAR 2026,04 MAR 2026,POS PURCHASE POS KFC MUMBAI 000541,200000541,349.00,,-460507.00
04 MAR 2026,04 MAR 2026,POS PURCHASE POS MCD MUMBAI 000542,200000542,149.00,,-460656.00
04 MAR 2026,04 MAR 2026,UPI/200000543/MERCHANT/merch@ybl/Payment,200000543,349.00,,-461005.00
05 MAR 2026,05 MAR 2026,BBPS/MOBILE/JIO PREPAID/REF000544,200000544,49.00,,-461054.00
05 MAR 2026,05 MAR 2026,POS PURCHASE POS CCD MUMBAI 000545,200000545,799.00,,-461853.00
05 MAR 2026,05 MAR 2026,POS PURCHASE POS INOX MUMBAI 000546,200000546,499.00,,-462352.00
05 MAR 2026,05 MAR 2026,NEFT DR-ICIC0005678-LANDLORD RENT-200000547,200000547,18000.00,,-480352.00
05 MAR 2026,05 MAR 2026,UPI/200000548/VI/vi@ibl/Recharge,200000548,499.00,,-480851.00
06 MAR 2026,06 MAR 2026,BBPS/MOBILE/JIO PREPAID/REF000549,200000549,2499.00,,-483350.00
06 MAR 2026,06 MAR 2026,POS PURCHASE POS HAL MUMBAI 000550,200000550,199.00,,-483549.00
06 MAR 2026,06 MAR 2026,UPI/200000551/ZOMATO/zomato@ybl/Payment,200000551,1299.00,,-484848.00
06 MAR 2026,06 MAR 2026,BBPS/MOBILE/JIO PREPAID/REF000552,200000552,249.00,,-485097.00
07 MAR 2026,07 MAR 2026,POS PURCHASE POS FLIP MUMBAI 000553,200000553,199.00,,-485296.00
07 MAR 2026,07 MAR 2026,POS PURCHASE POS FORTIS MUMBAI 000554,200000554,1899.00,,-487195.00
07 MAR 2026,07 MAR 2026,POS PURCHASE POS HP MUMBAI 000555,200000555,99.00,,-487294.00
07 MAR 2026,07 MAR 2026,UPI/200000556/MERCHANT/merch@ybl/Payment,200000556,2499.00,,-489793.00
08 MAR 2026,08 MAR 2026,BBPS/BROADBAND/ACT FIBERNET/REF000557,200000557,999.00,,-490792.00
08 MAR 2026,08 MAR 2026,POS PURCHASE POS FLIP MUMBAI 000558,200000558,99.00,,-490891.00
08 MAR 2026,08 MAR 2026,POS PURCHASE POS KFC MUMBAI 000559,200000559,299.00,,-491190.00
08 MAR 2026,08 MAR 2026,POS PURCHASE POS REL MUMBAI 000560,200000560,799.00,,-491989.00
08 MAR 2026,08 MAR 2026,POS PURCHASE POS SB MUMBAI 000561,200000561,99.00,,-492088.00
09 MAR 2026,09 MAR 2026,POS PURCHASE POS IOCL MUMBAI 000562,200000562,199.00,,-492287.00
09 MAR 2026,09 MAR 2026,POS PURCHASE POS REL MUMBAI 000563,200000563,799.00,,-493086.00
09 MAR 2026,09 MAR 2026,UPI/200000564/MERCHANT/merch@ybl/Payment,200000564,499.00,,-493585.00
09 MAR 2026,09 MAR 2026,UPI/200000565/MERCHANT/merch@ybl/Payment,200000565,1899.00,,-495484.00
10 MAR 2026,10 MAR 2026,BBPS/ELECTRICITY/ADANI ELECTRICITY MUMBAI/REF000566,200000566,3335.00,,-498819.00
10 MAR 2026,10 MAR 2026,POS PURCHASE POS CCD MUMBAI 000567,200000567,249.00,,-499068.00
10 MAR 2026,10 MAR 2026,POS PURCHASE POS FORTIS MUMBAI 000568,200000568,299.00,,-499367.00
10 MAR 2026,10 MAR 2026,POS PURCHASE POS KFC MUMBAI 000569,200000569,199.00,,-499566.00
10 MAR 2026,10 MAR 2026,BBPS/MOBILE/JIO PREPAID/REF000570,200000570,249.00,,-499815.00
11 MAR 2026,11 MAR 2026,POS PURCHASE POS PVR MUMBAI 000571,200000571,49.00,,-499864.00
11 MAR 2026,11 MAR 2026,UPI/200000572/MERCHANT/merch@ybl/Payment,200000572,499.00,,-500363.00
11 MAR 2026,11 MAR 2026,UPI/200000573/SWIGGY/swiggy@payt/Payment,200000573,49.00,,-500412.00
11 MAR 2026,11 MAR 2026,UPI/200000574/OLA/ola@ybl/Ride,200000574,149.00,,-500561.00
12 MAR 2026,12 MAR 2026,POS PURCHASE ECOM MYN MUMBAI 000575,200000575,99.00,,-500660.00
12 MAR 2026,12 MAR 2026,UPI/998877665544/NETFLIX/netflix@icici/Subscription,200000576,499.00,,-501159.00
12 MAR 2026,12 MAR 2026,POS PURCHASE POS HP MUMBAI 000577,200000577,1299.00,,-502458.00
12 MAR 2026,12 MAR 2026,POS PURCHASE POS INOX MUMBAI 000578,200000578,199.00,,-502657.00
12 MAR 2026,12 MAR 2026,UPI/200000579/MERCHANT/merch@ybl/Payment,200000579,49.00,,-502706.00
13 MAR 2026,13 MAR 2026,POS PURCHASE POS APOLLO MUMBAI 000580,200000580,199.00,,-502905.00
13 MAR 2026,13 MAR 2026,POS PURCHASE POS KFC MUMBAI 000581,200000581,99.00,,-503004.00
13 MAR 2026,13 MAR 2026,UPI/200000582/MERCHANT/merch@ybl/Payment,200000582,199.00,,-503203.00
13 MAR 2026,13 MAR 2026,UPI/200000583/MERCHANT/merch@ybl/Payment,200000583,299.00,,-503502.00
14 MAR 2026,14 MAR 2026,POS PURCHASE POS APOLLO MUMBAI 000584,200000584,49.00,,-503551.00
14 MAR 2026,14 MAR 2026,POS PURCHASE POS MCD MUMBAI 000585,200000585,349.00,,-503900.00
14 MAR 2026,14 MAR 2026,POS PURCHASE POS PVR MUMBAI 000586,200000586,349.00,,-504249.00
14 MAR 2026,14 MAR 2026,UPI/200000587/MERCHANT/merch@ybl/Payment,200000587,299.00,,-504548.00
15 MAR 2026,15 MAR 2026,NEFT DR-HDFC0099887-SUSP BENEFICIARY-SUN-200000588,200000588,95000.00,,-599548.00
15 MAR 2026,15 MAR 2026,POS PURCHASE POS DOM MUMBAI 000589,200000589,499.00,,-600047.00
15 MAR 2026,15 MAR 2026,POS PURCHASE POS HAL MUMBAI 000590,200000590,249.00,,-600296.00
15 MAR 2026,15 MAR 2026,POS PURCHASE POS SB MUMBAI 000591,200000591,799.00,,-601095.00
15 MAR 2026,15 MAR 2026,UPI/887766554433/SPOTIFY/spotify@ybl/Music,200000592,119.00,,-601214.00
15 MAR 2026,15 MAR 2026,UPI/200000593/SWIGGY/swiggy@payt/Payment,200000593,49.00,,-601263.00
16 MAR 2026,16 MAR 2026,BBPS/MOBILE/JIO PREPAID/REF000594,200000594,349.00,,-601612.00
16 MAR 2026,16 MAR 2026,POS PURCHASE POS CCD MUMBAI 000595,200000595,249.00,,-601861.00
16 MAR 2026,16 MAR 2026,POS PURCHASE POS FLIP MUMBAI 000596,200000596,249.00,,-602110.00
16 MAR 2026,16 MAR 2026,POS PURCHASE POS SB MUMBAI 000597,200000597,349.00,,-602459.00
16 MAR 2026,16 MAR 2026,UPI/200000598/Phonepe/Airtel Recharge,200000598,1899.00,,-604358.00
17 MAR 2026,17 MAR 2026,BBPS/MOBILE/JIO PREPAID/REF000599,200000599,1299.00,,-605657.00
17 MAR 2026,17 MAR 2026,POS PURCHASE POS CCD MUMBAI 000600,200000600,499.00,,-606156.00
17 MAR 2026,17 MAR 2026,POS PURCHASE POS FLIP MUMBAI 000601,200000601,99.00,,-606255.00
17 MAR 2026,17 MAR 2026,POS PURCHASE POS FORTIS MUMBAI 000602,200000602,49.00,,-606304.00
18 MAR 2026,18 MAR 2026,POS PURCHASE POS INOX MUMBAI 000603,200000603,149.00,,-606453.00
18 MAR 2026,18 MAR 2026,UPI/776655443322/AMAZON PAY/amazonpay@icici/Prime,200000604,299.00,,-606752.00
18 MAR 2026,18 MAR 2026,UPI/200000605/ZOMATO/zomato@ybl/Payment,200000605,299.00,,-607051.00
18 MAR 2026,18 MAR 2026,UPI/200000606/UBER/uber@axis/Ride,200000606,99.00,,-607150.00
18 MAR 2026,18 MAR 2026,UPI/200000607/VI/vi@ibl/Recharge,200000607,2499.00,,-609649.00
19 MAR 2026,19 MAR 2026,BBPS/MOBILE/JIO PREPAID/REF000608,200000608,2499.00,,-612148.00
19 MAR 2026,19 MAR 2026,POS PURCHASE POS SB MUMBAI 000609,200000609,99.00,,-612247.00
19 MAR 2026,19 MAR 2026,UPI/200000610/SWIGGY/swiggy@payt/Payment,200000610,99.00,,-612346.00
19 MAR 2026,19 MAR 2026,UPI/200000611/VI/vi@ibl/Recharge,200000611,99.00,,-612445.00
20 MAR 2026,20 MAR 2026,BBPS/MOBILE/JIO PREPAID/REF000612,200000612,799.00,,-613244.00
20 MAR 2026,20 MAR 2026,BBPS/MOBILE/JIO PREPAID/REF000613,200000613,799.00,,-614043.00
20 MAR 2026,20 MAR 2026,POS PURCHASE ECOM MYN MUMBAI 000614,200000614,149.00,,-614192.00
20 MAR 2026,20 MAR 2026,UPI/665544332211/HOTSTAR/hotstar@paytm/Video,200000615,299.00,,-614491.00
20 MAR 2026,20 MAR 2026,POS PURCHASE POS HP MUMBAI 000616,200000616,1299.00,,-615790.00
20 MAR 2026,20 MAR 2026,UPI/200000617/ZOMATO/zomato@ybl/Payment,200000617,99.00,,-615889.00
21 MAR 2026,21 MAR 2026,BBPS/MOBILE/JIO PREPAID/REF000618,200000618,99.00,,-615988.00
21 MAR 2026,21 MAR 2026,POS PURCHASE POS BP MUMBAI 000619,200000619,349.00,,-616337.00
21 MAR 2026,21 MAR 2026,POS PURCHASE POS PVR MUMBAI 000620,200000620,249.00,,-616586.00
21 MAR 2026,21 MAR 2026,POS PURCHASE POS SB MUMBAI 000621,200000621,349.00,,-616935.00
22 MAR 2026,22 MAR 2026,POS PURCHASE POS APOLLO MUMBAI 000622,200000622,1299.00,,-618234.00
22 MAR 2026,22 MAR 2026,POS PURCHASE POS DOM MUMBAI 000623,200000623,99.00,,-618333.00
22 MAR 2026,22 MAR 2026,POS PURCHASE POS INOX MUMBAI 000624,200000624,249.00,,-618582.00
22 MAR 2026,22 MAR 2026,UPI/200000625/MERCHANT/merch@ybl/Payment,200000625,149.00,,-618731.00
23 MAR 2026,23 MAR 2026,POS PURCHASE ECOM MYN MUMBAI 000626,200000626,799.00,,-619530.00
23 MAR 2026,23 MAR 2026,POS PURCHASE POS APOLLO MUMBAI 000627,200000627,499.00,,-620029.00
23 MAR 2026,23 MAR 2026,POS PURCHASE POS CCD MUMBAI 000628,200000628,99.00,,-620128.00
23 MAR 2026,23 MAR 2026,UPI/200000629/MERCHANT/merch@ybl/Payment,200000629,49.00,,-620177.00
24 MAR 2026,24 MAR 2026,POS PURCHASE ECOM MYN MUMBAI 000630,200000630,149.00,,-620326.00
24 MAR 2026,24 MAR 2026,POS PURCHASE POS IOCL MUMBAI 000631,200000631,49.00,,-620375.00
24 MAR 2026,24 MAR 2026,UPI/200000632/MERCHANT/merch@ybl/Payment,200000632,299.00,,-620674.00
24 MAR 2026,24 MAR 2026,UPI/200000633/RAPIDO/rapido@ibl/Ride,200000633,349.00,,-621023.00
25 MAR 2026,25 MAR 2026,POS PURCHASE POS SB MUMBAI 000634,200000634,2499.00,,-623522.00
25 MAR 2026,25 MAR 2026,UPI/200000635/MERCHANT/merch@ybl/Payment,200000635,49.00,,-623571.00
25 MAR 2026,25 MAR 2026,UPI/200000636/ZOMATO/zomato@ybl/Payment,200000636,199.00,,-623770.00
25 MAR 2026,25 MAR 2026,UPI/200000637/MERCHANT/merch@ybl/Payment,200000637,99.00,,-623869.00
25 MAR 2026,25 MAR 2026,UPI/200000638/RAPIDO/rapido@ibl/Ride,200000638,299.00,,-624168.00
26 MAR 2026,26 MAR 2026,POS PURCHASE POS APOLLO MUMBAI 000639,200000639,1299.00,,-625467.00
26 MAR 2026,26 MAR 2026,POS PURCHASE POS FLIP MUMBAI 000640,200000640,499.00,,-625966.00
26 MAR 2026,26 MAR 2026,POS PURCHASE POS HAL MUMBAI 000641,200000641,199.00,,-626165.00
26 MAR 2026,26 MAR 2026,UPI/200000642/VI/vi@ibl/Recharge,200000642,199.00,,-626364.00
27 MAR 2026,27 MAR 2026,POS PURCHASE POS DMART MUMBAI 000643,200000643,349.00,,-626713.00
27 MAR 2026,27 MAR 2026,POS PURCHASE POS SB MUMBAI 000644,200000644,299.00,,-627012.00
27 MAR 2026,27 MAR 2026,UPI/200000645/Phonepe/Airtel Recharge,200000645,349.00,,-627361.00
27 MAR 2026,27 MAR 2026,UPI/200000646/SWIGGY/swiggy@payt/Payment,200000646,149.00,,-627510.00
28 MAR 2026,28 MAR 2026,POS PURCHASE FOREX LOAD SINGAPORE 887766,200000647,41000.00,,-668510.00
28 MAR 2026,28 MAR 2026,BBPS/MOBILE/JIO PREPAID/REF000648,200000648,1899.00,,-670409.00
28 MAR 2026,28 MAR 2026,BBPS/MOBILE/JIO PREPAID/REF000649,200000649,1899.00,,-672308.00
28 MAR 2026,28 MAR 2026,POS PURCHASE POS KFC MUMBAI 000650,200000650,499.00,,-672807.00
28 MAR 2026,28 MAR 2026,UPI/200000651/UBER/uber@axis/Ride,200000651,299.00,,-673106.00
29 MAR 2026,29 MAR 2026,BBPS/MOBILE/JIO PREPAID/REF000652,200000652,199.00,,-673305.00
29 MAR 2026,29 MAR 2026,BBPS/MOBILE/JIO PREPAID/REF000653,200000653,49.00,,-673354.00
29 MAR 2026,29 MAR 2026,POS PURCHASE POS FORTIS MUMBAI 000654,200000654,49.00,,-673403.00
29 MAR 2026,29 MAR 2026,POS PURCHASE POS REL MUMBAI 000655,200000655,499.00,,-673902.00
29 MAR 2026,29 MAR 2026,UPI/200000656/MERCHANT/merch@ybl/Payment,200000656,799.00,,-674701.00
30 MAR 2026,30 MAR 2026,BBPS/MOBILE/JIO PREPAID/REF000657,200000657,199.00,,-674900.00
30 MAR 2026,30 MAR 2026,POS PURCHASE POS APOLLO MUMBAI 000658,200000658,799.00,,-675699.00
30 MAR 2026,30 MAR 2026,UPI/200000659/SWIGGY/swiggy@payt/Payment,200000659,99.00,,-675798.00
30 MAR 2026,30 MAR 2026,UPI/200000660/VI/vi@ibl/Recharge,200000660,299.00,,-676097.00
31 MAR 2026,31 MAR 2026,BBPS/MOBILE/JIO PREPAID/REF000661,200000661,199.00,,-676296.00
31 MAR 2026,31 MAR 2026,POS PURCHASE POS MCD MUMBAI 000662,200000662,2499.00,,-678795.00
31 MAR 2026,31 MAR 2026,POS PURCHASE POS PVR MUMBAI 000663,200000663,49.00,,-678844.00
31 MAR 2026,31 MAR 2026,UPI/200000664/MERCHANT/merch@ybl/Payment,200000664,1899.00,,-680743.00
01 APR 2026,01 APR 2026,NEFT CR-HDFC0001234-ABC COMPANY LTD-SALARY-200000665,200000665,,85000.00,-595743.00
01 APR 2026,01 APR 2026,BBPS/MOBILE/JIO PREPAID/REF000666,200000666,2499.00,,-598242.00
01 APR 2026,01 APR 2026,POS PURCHASE POS KFC MUMBAI 000667,200000667,249.00,,-598491.00
01 APR 2026,01 APR 2026,UPI/200000668/MERCHANT/merch@ybl/Payment,200000668,49.00,,-598540.00
01 APR 2026,01 APR 2026,UPI/200000669/MERCHANT/merch@ybl/Payment,200000669,799.00,,-599339.00
02 APR 2026,02 APR 2026,POS PURCHASE DUPLICATE MERCHANT MUMBAI 000670,200000670,2500.00,,-601839.00
02 APR 2026,02 APR 2026,POS PURCHASE DUPLICATE MERCHANT MUMBAI 000671,200000671,2500.00,,-604339.00
02 APR 2026,02 APR 2026,POS PURCHASE POS APOLLO MUMBAI 000672,200000672,99.00,,-604438.00
02 APR 2026,02 APR 2026,POS PURCHASE POS DOM MUMBAI 000673,200000673,349.00,,-604787.00
02 APR 2026,02 APR 2026,POS PURCHASE POS INOX MUMBAI 000674,200000674,299.00,,-605086.00
02 APR 2026,02 APR 2026,UPI/200000675/MERCHANT/merch@ybl/Payment,200000675,249.00,,-605335.00
03 APR 2026,03 APR 2026,POS PURCHASE POS IOCL MUMBAI 000676,200000676,2499.00,,-607834.00
03 APR 2026,03 APR 2026,POS PURCHASE POS KFC MUMBAI 000677,200000677,1899.00,,-609733.00
03 APR 2026,03 APR 2026,UPI/200000678/SWIGGY/swiggy@payt/Payment,200000678,2499.00,,-612232.00
03 APR 2026,03 APR 2026,UPI/200000679/UBER/uber@axis/Ride,200000679,349.00,,-612581.00
04 APR 2026,04 APR 2026,POS PURCHASE POS BP MUMBAI 000680,200000680,349.00,,-612930.00
04 APR 2026,04 APR 2026,POS PURCHASE POS FLIP MUMBAI 000681,200000681,149.00,,-613079.00
04 APR 2026,04 APR 2026,POS PURCHASE POS FORTIS MUMBAI 000682,200000682,349.00,,-613428.00
04 APR 2026,04 APR 2026,POS PURCHASE POS PVR MUMBAI 000683,200000683,349.00,,-613777.00
05 APR 2026,05 APR 2026,POS PURCHASE POS CCD MUMBAI 000684,200000684,149.00,,-613926.00
05 APR 2026,05 APR 2026,POS PURCHASE POS KFC MUMBAI 000685,200000685,1899.00,,-615825.00
05 APR 2026,05 APR 2026,NEFT DR-ICIC0005678-LANDLORD RENT-200000686,200000686,18000.00,,-633825.00
05 APR 2026,05 APR 2026,UPI/200000687/RAPIDO/rapido@ibl/Ride,200000687,99.00,,-633924.00
05 APR 2026,05 APR 2026,UPI/200000688/VI/vi@ibl/Recharge,200000688,299.00,,-634223.00
06 APR 2026,06 APR 2026,POS PURCHASE ECOM MYN MUMBAI 000689,200000689,149.00,,-634372.00
06 APR 2026,06 APR 2026,POS PURCHASE POS HAL MUMBAI 000690,200000690,799.00,,-635171.00
06 APR 2026,06 APR 2026,UPI/200000691/MERCHANT/merch@ybl/Payment,200000691,499.00,,-635670.00
06 APR 2026,06 APR 2026,UPI/200000692/UBER/uber@axis/Ride,200000692,49.00,,-635719.00
07 APR 2026,07 APR 2026,POS PURCHASE POS FORTIS MUMBAI 000693,200000693,149.00,,-635868.00
07 APR 2026,07 APR 2026,POS PURCHASE POS KFC MUMBAI 000694,200000694,2499.00,,-638367.00
07 APR 2026,07 APR 2026,POS PURCHASE POS PVR MUMBAI 000695,200000695,49.00,,-638416.00
07 APR 2026,07 APR 2026,UPI/200000696/ZOMATO/zomato@ybl/Payment,200000696,199.00,,-638615.00
08 APR 2026,08 APR 2026,BBPS/BROADBAND/ACT FIBERNET/REF000697,200000697,999.00,,-639614.00
08 APR 2026,08 APR 2026,POS PURCHASE POS FLIP MUMBAI 000698,200000698,99.00,,-639713.00
08 APR 2026,08 APR 2026,POS PURCHASE POS KFC MUMBAI 000699,200000699,349.00,,-640062.00
08 APR 2026,08 APR 2026,UPI/200000700/MERCHANT/merch@ybl/Payment,200000700,149.00,,-640211.00
08 APR 2026,08 APR 2026,UPI/200000701/SWIGGY/swiggy@payt/Payment,200000701,799.00,,-641010.00
08 APR 2026,08 APR 2026,UPI/200000702/UBER/uber@axis/Ride,200000702,1299.00,,-642309.00
09 APR 2026,09 APR 2026,POS PURCHASE POS DMART MUMBAI 000703,200000703,199.00,,-642508.00
09 APR 2026,09 APR 2026,POS PURCHASE POS MCD MUMBAI 000704,200000704,2499.00,,-645007.00
09 APR 2026,09 APR 2026,UPI/200000705/MERCHANT/merch@ybl/Payment,200000705,149.00,,-645156.00
09 APR 2026,09 APR 2026,UPI/200000706/RAPIDO/rapido@ibl/Ride,200000706,499.00,,-645655.00
10 APR 2026,10 APR 2026,UPI/667788990010/SWIGGY/swiggy@payt/Food Order,200000707,120.00,,-645775.00
10 APR 2026,10 APR 2026,UPI/667788990011/SWIGGY/swiggy@payt/Food Order,200000708,137.00,,-645912.00
10 APR 2026,10 APR 2026,UPI/667788990012/SWIGGY/swiggy@payt/Food Order,200000709,154.00,,-646066.00
10 APR 2026,10 APR 2026,UPI/667788990013/SWIGGY/swiggy@payt/Food Order,200000710,171.00,,-646237.00
10 APR 2026,10 APR 2026,UPI/667788990014/SWIGGY/swiggy@payt/Food Order,200000711,188.00,,-646425.00
10 APR 2026,10 APR 2026,POS PURCHASE ECOM MYN MUMBAI 000712,200000712,1299.00,,-647724.00
10 APR 2026,10 APR 2026,BBPS/ELECTRICITY/ADANI ELECTRICITY MUMBAI/REF000713,200000713,3444.00,,-651168.00
10 APR 2026,10 APR 2026,POS PURCHASE POS HAL MUMBAI 000714,200000714,49.00,,-651217.00
10 APR 2026,10 APR 2026,UPI/200000715/MERCHANT/merch@ybl/Payment,200000715,2499.00,,-653716.00
10 APR 2026,10 APR 2026,UPI/200000716/OLA/ola@ybl/Ride,200000716,99.00,,-653815.00
11 APR 2026,11 APR 2026,POS PURCHASE POS DOM MUMBAI 000717,200000717,49.00,,-653864.00
11 APR 2026,11 APR 2026,POS PURCHASE POS HP MUMBAI 000718,200000718,99.00,,-653963.00
11 APR 2026,11 APR 2026,POS PURCHASE POS MCD MUMBAI 000719,200000719,2499.00,,-656462.00
11 APR 2026,11 APR 2026,UPI/200000720/MERCHANT/merch@ybl/Payment,200000720,2499.00,,-658961.00
12 APR 2026,12 APR 2026,UPI/998877665544/NETFLIX/netflix@icici/Subscription,200000721,499.00,,-659460.00
12 APR 2026,12 APR 2026,POS PURCHASE POS APOLLO MUMBAI 000722,200000722,199.00,,-659659.00
12 APR 2026,12 APR 2026,POS PURCHASE POS DMART MUMBAI 000723,200000723,299.00,,-659958.00
12 APR 2026,12 APR 2026,POS PURCHASE POS MCD MUMBAI 000724,200000724,1299.00,,-661257.00
12 APR 2026,12 APR 2026,UPI/200000725/MERCHANT/merch@ybl/Payment,200000725,149.00,,-661406.00
13 APR 2026,13 APR 2026,POS PURCHASE POS APOLLO MUMBAI 000726,200000726,199.00,,-661605.00
13 APR 2026,13 APR 2026,UPI/200000727/Phonepe/Airtel Recharge,200000727,249.00,,-661854.00
13 APR 2026,13 APR 2026,BBPS/MOBILE/JIO PREPAID/REF000728,200000728,2499.00,,-664353.00
13 APR 2026,13 APR 2026,UPI/200000729/UBER/uber@axis/Ride,200000729,349.00,,-664702.00
14 APR 2026,14 APR 2026,BBPS/MOBILE/JIO PREPAID/REF000730,200000730,299.00,,-665001.00
14 APR 2026,14 APR 2026,POS PURCHASE POS REL MUMBAI 000731,200000731,249.00,,-665250.00
14 APR 2026,14 APR 2026,UPI/200000732/Phonepe/Airtel Recharge,200000732,1299.00,,-666549.00
14 APR 2026,14 APR 2026,UPI/200000733/UBER/uber@axis/Ride,200000733,499.00,,-667048.00
15 APR 2026,15 APR 2026,POS PURCHASE POS DOM MUMBAI 000734,200000734,2499.00,,-669547.00
15 APR 2026,15 APR 2026,UPI/887766554433/SPOTIFY/spotify@ybl/Music,200000735,119.00,,-669666.00
15 APR 2026,15 APR 2026,UPI/200000736/Phonepe/Airtel Recharge,200000736,799.00,,-670465.00
15 APR 2026,15 APR 2026,UPI/200000737/SWIGGY/swiggy@payt/Payment,200000737,249.00,,-670714.00
15 APR 2026,15 APR 2026,BBPS/MOBILE/JIO PREPAID/REF000738,200000738,299.00,,-671013.00
16 APR 2026,16 APR 2026,BBPS/MOBILE/JIO PREPAID/REF000739,200000739,349.00,,-671362.00
16 APR 2026,16 APR 2026,BBPS/MOBILE/JIO PREPAID/REF000740,200000740,299.00,,-671661.00
16 APR 2026,16 APR 2026,UPI/200000741/OLA/ola@ybl/Ride,200000741,799.00,,-672460.00
16 APR 2026,16 APR 2026,UPI/200000742/OLA/ola@ybl/Ride,200000742,499.00,,-672959.00
17 APR 2026,17 APR 2026,BBPS/MOBILE/JIO PREPAID/REF000743,200000743,2499.00,,-675458.00
17 APR 2026,17 APR 2026,POS PURCHASE ECOM MYN MUMBAI 000744,200000744,49.00,,-675507.00
17 APR 2026,17 APR 2026,POS PURCHASE POS REL MUMBAI 000745,200000745,499.00,,-676006.00
17 APR 2026,17 APR 2026,POS PURCHASE POS SB MUMBAI 000746,200000746,349.00,,-676355.00
18 APR 2026,18 APR 2026,POS PURCHASE POS HP MUMBAI 000747,200000747,1899.00,,-678254.00
18 APR 2026,18 APR 2026,POS PURCHASE POS REL MUMBAI 000748,200000748,1899.00,,-680153.00
18 APR 2026,18 APR 2026,UPI/776655443322/AMAZON PAY/amazonpay@icici/Prime,200000749,299.00,,-680452.00
18 APR 2026,18 APR 2026,UPI/200000750/Phonepe/Airtel Recharge,200000750,1899.00,,-682351.00
18 APR 2026,18 APR 2026,UPI/200000751/MERCHANT/merch@ybl/Payment,200000751,299.00,,-682650.00
19 APR 2026,19 APR 2026,POS PURCHASE POS CCD MUMBAI 000752,200000752,349.00,,-682999.00
19 APR 2026,19 APR 2026,POS PURCHASE POS CCD MUMBAI 000753,200000753,2499.00,,-685498.00
19 APR 2026,19 APR 2026,UPI/200000754/ZOMATO/zomato@ybl/Payment,200000754,1899.00,,-687397.00
19 APR 2026,19 APR 2026,UPI/200000755/MERCHANT/merch@ybl/Payment,200000755,1899.00,,-689296.00
20 APR 2026,20 APR 2026,UPI/665544332211/HOTSTAR/hotstar@paytm/Video,200000756,299.00,,-689595.00
20 APR 2026,20 APR 2026,POS PURCHASE POS DMART MUMBAI 000757,200000757,99.00,,-689694.00
20 APR 2026,20 APR 2026,POS PURCHASE POS DOM MUMBAI 000758,200000758,299.00,,-689993.00
20 APR 2026,20 APR 2026,POS PURCHASE POS IOCL MUMBAI 000759,200000759,799.00,,-690792.00
20 APR 2026,20 APR 2026,UPI/200000760/VI/vi@ibl/Recharge,200000760,2499.00,,-693291.00
21 APR 2026,21 APR 2026,POS PURCHASE POS IOCL MUMBAI 000761,200000761,199.00,,-693490.00
21 APR 2026,21 APR 2026,POS PURCHASE POS MCD MUMBAI 000762,200000762,249.00,,-693739.00
21 APR 2026,21 APR 2026,UPI/200000763/MERCHANT/merch@ybl/Payment,200000763,1899.00,,-695638.00
21 APR 2026,21 APR 2026,UPI/200000764/MERCHANT/merch@ybl/Payment,200000764,799.00,,-696437.00
22 APR 2026,22 APR 2026,POS PURCHASE POS CCD MUMBAI 000765,200000765,149.00,,-696586.00
22 APR 2026,22 APR 2026,POS PURCHASE POS PVR MUMBAI 000766,200000766,2499.00,,-699085.00
22 APR 2026,22 APR 2026,UPI/200000767/MERCHANT/merch@ybl/Payment,200000767,249.00,,-699334.00
22 APR 2026,22 APR 2026,UPI/200000768/SWIGGY/swiggy@payt/Payment,200000768,199.00,,-699533.00
23 APR 2026,23 APR 2026,POS PURCHASE POS CCD MUMBAI 000769,200000769,299.00,,-699832.00
23 APR 2026,23 APR 2026,POS PURCHASE POS CCD MUMBAI 000770,200000770,2499.00,,-702331.00
23 APR 2026,23 APR 2026,UPI/200000771/Phonepe/Airtel Recharge,200000771,299.00,,-702630.00
23 APR 2026,23 APR 2026,UPI/200000772/MERCHANT/merch@ybl/Payment,200000772,499.00,,-703129.00
24 APR 2026,24 APR 2026,POS PURCHASE POS HP MUMBAI 000773,200000773,299.00,,-703428.00
24 APR 2026,24 APR 2026,POS PURCHASE POS INOX MUMBAI 000774,200000774,249.00,,-703677.00
24 APR 2026,24 APR 2026,BBPS/MOBILE/JIO PREPAID/REF000775,200000775,199.00,,-703876.00
24 APR 2026,24 APR 2026,UPI/200000776/UBER/uber@axis/Ride,200000776,2499.00,,-706375.00
25 APR 2026,25 APR 2026,POS PURCHASE POS INOX MUMBAI 000777,200000777,2499.00,,-708874.00
25 APR 2026,25 APR 2026,UPI/200000778/MERCHANT/merch@ybl/Payment,200000778,499.00,,-709373.00
25 APR 2026,25 APR 2026,BBPS/MOBILE/JIO PREPAID/REF000779,200000779,49.00,,-709422.00
25 APR 2026,25 APR 2026,BBPS/MOBILE/JIO PREPAID/REF000780,200000780,49.00,,-709471.00
26 APR 2026,26 APR 2026,POS PURCHASE POS BP MUMBAI 000781,200000781,2499.00,,-711970.00
26 APR 2026,26 APR 2026,POS PURCHASE POS BP MUMBAI 000782,200000782,499.00,,-712469.00
26 APR 2026,26 APR 2026,UPI/200000783/MERCHANT/merch@ybl/Payment,200000783,99.00,,-712568.00
26 APR 2026,26 APR 2026,UPI/200000784/ZOMATO/zomato@ybl/Payment,200000784,199.00,,-712767.00
27 APR 2026,27 APR 2026,BBPS/MOBILE/JIO PREPAID/REF000785,200000785,2499.00,,-715266.00
27 APR 2026,27 APR 2026,BBPS/MOBILE/JIO PREPAID/REF000786,200000786,1299.00,,-716565.00
27 APR 2026,27 APR 2026,POS PURCHASE POS CCD MUMBAI 000787,200000787,149.00,,-716714.00
27 APR 2026,27 APR 2026,POS PURCHASE POS IOCL MUMBAI 000788,200000788,99.00,,-716813.00
28 APR 2026,28 APR 2026,BBPS/MOBILE/JIO PREPAID/REF000789,200000789,49.00,,-716862.00
28 APR 2026,28 APR 2026,POS PURCHASE POS BP MUMBAI 000790,200000790,249.00,,-717111.00
28 APR 2026,28 APR 2026,POS PURCHASE POS DOM MUMBAI 000791,200000791,149.00,,-717260.00
28 APR 2026,28 APR 2026,UPI/200000792/MERCHANT/merch@ybl/Payment,200000792,199.00,,-717459.00
29 APR 2026,29 APR 2026,BBPS/MOBILE/JIO PREPAID/REF000793,200000793,249.00,,-717708.00
29 APR 2026,29 APR 2026,POS PURCHASE POS IOCL MUMBAI 000794,200000794,1899.00,,-719607.00
29 APR 2026,29 APR 2026,POS PURCHASE POS MCD MUMBAI 000795,200000795,99.00,,-719706.00
29 APR 2026,29 APR 2026,UPI/200000796/OLA/ola@ybl/Ride,200000796,349.00,,-720055.00
30 APR 2026,30 APR 2026,POS PURCHASE ECOM MYN MUMBAI 000797,200000797,1299.00,,-721354.00
30 APR 2026,30 APR 2026,POS PURCHASE ECOM MYN MUMBAI 000798,200000798,2499.00,,-723853.00
30 APR 2026,30 APR 2026,POS PURCHASE POS IOCL MUMBAI 000799,200000799,1899.00,,-725752.00
30 APR 2026,30 APR 2026,UPI/200000800/MERCHANT/merch@ybl/Payment,200000800,2499.00,,-728251.00
